2998 4824
701 429 859 492 „20-

253 611 379 690 pictoria
392 625 459 688 quas
474 611 504 670 in
515 611 723 687 conjunctione
737 611 889 687 consistit,
906 614 1050 674 statuario
1065 628 1132 691 quae
1145 614 1175 674 in
1187 628 1309 692 separa·

252 717 343 790 tione,
361 715 486 792 pistoria
497 730 563 793 que
578 715 607 776 in
619 716 892 793 transformatione,
906 718 1068 795 multaeque
1078 719 1145 780 aliae
1156 734 1223 796 quae
1234 735 1311 797 quo-

251 819 322 881 dam
337 819 426 881 modo
441 819 541 881 mixtae
552 819 700 882 ridentur.

290 923 384 986 Artes
397 921 474 1003 secti
488 923 688 984 transeuntis
702 940 755 986 seu
768 940 845 1002 opus
857 941 915 987 non
925 927 1129 1004 relinquentes
1140 927 1311 990 consistunt

251 1029 297 1090 vel
313 1026 352 1089 in
363 1027 572 1108 promotione
590 1027 735 1096 alterins,
753 1031 832 1092 sicut
846 1047 896 1092 ars
916 1031 1089 1110 navigandi,
1107 1047 1229 1094 currum
1245 1035 1311 1112 agi-

251 1134 345 1204 tandi,
367 1132 531 1211 equitandi,
545 1132 707 1209 incolendi,
721 1135 840 1195 chartas
857 1135 953 1212 pictas
974 1135 1135 1197 artificiose
1150 1137 1310 1209 miscendi,

251 1244 321 1312 ete,
335 1237 380 1298 vel
396 1236 434 1296 in
447 1235 590 1297 motione
603 1238 677 1305 mci,
693 1254 747 1300 seu
758 1239 851 1301 totius
862 1241 1000 1316 corporis
1014 1240 1095 1302 velut
1106 1257 1157 1302 ars
1168 1242 1310 1318 saliendi,

251 1342 402 1418 currendi,
420 1343 585 1416 saltatoria,
606 1342 840 1419 lunambnlaria,
855 1344 988 1418 volandi,
1006 1345 1138 1421 natandi,
1160 1351 1231 1421 etc,
1247 1347 1311 1408 sire

250 1448 386 1524 corporis
401 1452 489 1509 certae
504 1447 610 1523 partis,
625 1448 709 1510 verbi
725 1449 881 1527 gratieiars
894 1449 994 1524 leodi,
1006 1449 1159 1527 loquendi,
1171 1451 1312 1527 canendi,

251 1566 375 1628 sapores
389 1550 591 1625 discernendi,
608 1550 745 1627 bibendi,
762 1568 878 1615 necnon
895 1555 952 1629 (vix
966 1553 1112 1615 credibile
1127 1556 1198 1630 esti)
1215 1571 1315 1616 «non-

250 1658 401 1720 nullnmm
417 1657 621 1734 promptitudo
636 1659 743 1718 hausta
758 1656 933 1720 choretim
953 1658 1169 1721 recnundonut.
1187 1680 1202 1716 s
1226 1659 1313 1720 Adde

250 1767 344 1824 artem
358 1762 506 1824 musicam
522 1763 708 1841 organicam,
725 1768 819 1824 artem
832 1769 973 1841 gestuum
986 1770 1076 1841 atque
1088 1765 1311 1827 histrionicam.

288 1865 336 1930 Ad
347 1864 458 1926 enimi
471 1863 599 1927 habitos
615 1865 719 1944 postea
732 1872 835 1928 noster
846 1867 989 1929 decurrit.
1006 1867 1133 1931 Omnem
1149 1870 1243 1930 animi
1259 1871 1314 1930 ha-

250 1971 346 2034 bitunt
361 1971 573 2050 cogitationem
588 1986 656 2032 esse
672 1970 726 2046 (l);
743 1972 959 2048 cogitationem
969 1972 1052 2048 verb,
1065 1989 1185 2036 omnem
1198 1988 1311 2050 propo·

251 2076 370 2138 sitionis
385 2074 541 2152 cniusdam
560 2090 629 2136 esse
648 2075 812 2138 contendit.
833 2076 1061 2153 Propositiones
1076 2083 1175 2138 antem
1196 2078 1313 2140 ratione

249 2181 446 2242 terminorum
462 2181 597 2257 partitur,
614 2195 680 2256 quae
694 2186 745 2240 ant
760 2180 916 2257 simplices
932 2187 984 2241 aut
994 2181 1155 2258 compositi
1166 2186 1248 2242 sunt.

291 2284 389 2355 Quare
407 2285 466 2347 dno
488 2297 597 2363 genera
612 2283 825 2362 distinguenda
840 2291 931 2346 sunt:
958 2285 1087 2361 primum
1106 2285 1187 2361 quod
1207 2285 1311 2361 philo-

251 2390 366 2466 sophiae
382 2389 539 2451 abstractas
559 2388 704 2451 vocabulo
728 2389 907 2463 continetur,
937 2388 1078 2466 quodque
1098 2387 1311 2469 qualitatibus

249 2491 465 2560 sensibilibus,
493 2493 602 2566 studet,
626 2507 679 2553 seu
699 2498 797 2554 mente
814 2490 928 2553 tantbm
946 2493 1108 2569 perceptis,
1127 2491 1196 2553 inde
1216 2498 1312 2554 meta-

251 2598 386 2676 physica,
398 2598 506 2676 logico,
516 2596 1309 2676 doetrinapoeumatieo‚scilieetqoedeheo‚angetis

251 2702 412 2779 animoque
427 2708 528 2764 nostro
547 2703 619 2778 agit,
642 2716 757 2762 necnon
774 2701 847 2777 iusti
871 2706 958 2778 atque
975 2702 1058 2762 utilis
1079 2703 1226 2777 seientia;
1255 2717 1311 2763 seu

185 2871 189 2880 ,
252 2807 409 2885 phantasiis
431 2807 589 2885 perceptis,
614 2803 683 2866 inde
701 2806 900 2880 arithmetica,
923 2806 1087 2884 geometria
1111 2810 1140 2866 ct
1165 2806 1311 2882 physica;

251 2912 379 2974 alterum
395 2911 473 2988 quod
486 2910 707 2988 philosophiam
723 2916 893 2972 concretam
908 2911 1076 2972 Leihnitins
1093 2917 1191 2985 voest,
1205 2911 1235 2971 in
1251 2927 1312 2988 quio

252 3015 327 3076 nihil
343 3014 440 3076 denno
455 3014 686 3088 demonstratur,
702 3015 755 3076 sed
767 3030 867 3076 norom
879 3013 1192 3092 qualitateshistoried
1208 3030 1313 3076 recen-

253 3125 367 3182 sentur.
386 3119 542 3181 Concludit
564 3119 664 3183 omnia
685 3099 928 3198 cosmographia,
951 3135 1017 3198 quse
1038 3119 1260 3182 astronomiam
1282 3125 1313 3181 et

253 3224 412 3286 historiam
428 3223 646 3301 complectitur.

289 3463 324 3536 (1)
349 3463 491 3520 Voluntas
506 3482 633 3536 qnoque,
652 3466 676 3518 si
695 3466 841 3519 Leibnitio
852 3467 957 3529 crediS,
969 3466 1105 3536 cogitatio
1117 3473 1161 3520 est
1177 3485 1183 3530 3
1204 3483 1311 3537 nempe

253 3549 300 3612 sic,
313 3547 485 3602 «vollenihil
496 3548 576 3602 aliud
588 3556 632 3602 esi
642 3547 729 3619 quim
738 3549 865 3618 cogitare
876 3550 918 3602 rei
928 3550 1114 3604 bonitatem.»
1125 3549 1182 3602 Hic
1191 3549 1313 3618 quidem

252 3632 379 3702 graviter
393 3647 487 3684 errare
504 3639 590 3701 atque
605 3631 702 3684 omnia
714 3631 890 3702 permiscere
910 3632 1074 3686 Leibnitius
1089 3633 1161 3684 mihi
1177 3631 1310 3690 videtum

251 3731 319 3767 nam
332 3713 412 3766 eliud
426 3721 470 3766 est
488 3714 625 3782 cogitare,
647 3713 726 3768 eliud
738 3713 826 3775 velle,
849 3713 929 3766 aliud
942 3715 1029 3767 etiam
1049 3715 1172 3776 sentire3
1194 3729 1312 3765 necnon

251 3797 297 3850 hue
318 3796 404 3848 animi
424 3795 586 3859 faettltalos,
608 3797 741 3866 quemvis
761 3795 851 3866 penes
872 3798 1007 3848 eumdem
1026 3802 1190 3857 uersentur,
1213 3800 1313 3847 temen

253 3878 396 3932 distinctae
411 3885 535 3933 manent.
553 3878 686 3934 Ceterum
702 3896 779 3950 saepe
796 3879 836 3932 rei
854 3877 1007 3949 cujusdem
1026 3879 1185 3932 bonitatem
1199 3876 1312 3948 cogite-

254 3977 328 4026 mus,
344 3978 398 4016 nec
412 3967 582 4018 tamensem
597 3979 663 4016 rem·
673 3962 820 4018 uolumus.
