2998 4824
639 416 795 476 ...47-

228 595 382 658 Hn'stora‘u
396 595 606 657 ecclesiastice
621 597 757 674 sequitur
768 613 835 674 quae
846 595 892 659 vel
907 595 1016 658 totalis
1034 598 1082 660 vel
1093 595 1248 677 partialis

190 708 245 764 est.
261 702 403 764 Partialis
419 706 463 762 est
480 702 602 775 rituum,
622 707 798 779 martyrum,
817 707 947 779 patrum,
969 701 1157 781 dogmatum,
1173 718 1246 764 eon-

190 807 340 881 ciliorum,
351 806 524 881 haeresium,
537 807 695 885 regiminis
712 808 775 882 (seu
791 807 1182 884 hierarchiaelpontiticum,
1196 822 1246 867 or-

190 911 294 973 dinum
309 911 597 973 ecclesiastieorum.
612 910 760 988 Equidem
776 910 963 972 ditissimum
979 910 1125 972 librorum
1135 907 1249 970 iuLeib-

190 1016 263 1077 nitio
287 1015 475 1092 exproditum
498 1016 548 1093 qui
568 1015 605 1076 ad
630 1017 707 1076 lianc
727 1016 884 1076 materiam
911 1020 1045 1092 spectant
1075 1015 1246 1092 catalogum

188 1120 392 1196 praetermitto.
408 1120 474 1181 Non
489 1118 559 1181 vero
580 1135 705 1196 possum
721 1121 794 1197 quin
814 1119 878 1196 ejus
895 1120 987 1181 simul
1006 1125 1035 1181 et
1050 1119 1190 1197 pietatem
1205 1123 1246 1191 et,

188 1228 219 1285 ut
238 1237 318 1284 nunc
332 1222 445 1298 dicunt,
462 1224 649 1285 tolerantiam
674 1221 855 1301 magnopere
869 1223 1000 1298 laudem,
1024 1239 1090 1301 quae
1106 1222 1247 1300 quamvis

189 1328 263 1388 nihil
278 1328 420 1389 contrarii
435 1327 644 1402 habeant,nou
656 1332 884 1404 sempectamen
898 1328 927 1388 in
939 1343 999 1390 uno
1011 1328 1245 1406 coniunguntur.

187 1431 306 1493 Etenim
322 1433 424 1509 quanti
440 1433 546 1511 religio
562 1433 592 1492 in
609 1431 762 1508 republica
776 1432 930 1494 tractanda
949 1432 1127 1495 aestimanda
1142 1433 1181 1493 sit
1199 1432 1246 1493 in-

188 1528 314 1614 telligit;
330 1533 434 1597 verium
453 1535 587 1598 crudelia
604 1540 693 1612 atque
708 1536 916 1598 insulsissima
932 1543 1081 1598 sectarum
1101 1536 1169 1598 odia
1184 1551 1248 1597 res-

188 1640 268 1717 puit;
284 1638 391 1700 suadet
405 1645 437 1701 ut
451 1640 597 1717 cujusque
613 1639 769 1717 religionis
780 1640 891 1716 scripta
904 1641 1041 1718 legantur
1053 1659 1060 1716 ;
1074 1639 1134 1702 imd
1150 1637 1249 1700 histo-

186 1743 277 1803 riam
291 1742 453 1803 irenaeum
467 1749 597 1820 exoptat,
613 1748 646 1804 ut
657 1743 893 1820 jnriscousultus
910 1743 1056 1805 «desinat
1070 1745 1101 1804 in
1117 1744 1194 1805 alios
1208 1744 1246 1806 ola

188 1850 437 1926 qualemcumque
457 1849 609 1925 opinionis
627 1848 674 1909 vel
693 1848 934 1924 caerimoniarum
952 1847 1127 1909 dissensum
1147 1847 1247 1909 tulmi-

188 1968 270 2014 nare.
286 1974 300 2008 a

226 2058 270 2117 De
281 2054 407 2118 histonii
420 2053 521 2116 medii
536 2054 596 2116 aevi
607 2061 695 2134 atque
709 2053 869 2116 hodierna
878 2057 952 2117 uilril
965 2055 1125 2118 dicendum
1136 2055 1245 2131 habeo,

187 2161 245 2220 nisi
262 2160 342 2238 qudd
358 2161 504 2222 librorum
523 2161 681 2222 citatorum
697 2160 856 2222 multitudo
872 2161 980 2222 miram
1000 2166 1040 2235 et,
1060 2161 1085 2221 si
1102 2160 1246 2222 Leibnitii

188 2270 304 2325 aetatem
324 2265 482 2341 respicias,
504 2263 627 2327 omnino
647 2263 811 2324 inauditam
830 2265 1029 2326 eruditionem
1048 2263 1244 2326 demonstrat.

188 2368 363 2446 intorques,
374 2369 508 2431 Grotiict
520 2368 635 2430 Thuani
646 2369 739 2428 nostri
752 2368 873 2428 nomina
885 2369 1013 2445 reperio,
1026 2383 1154 2444 quorum
1164 2369 1245 2428 launc

189 2472 306 2533 livium
321 2473 415 2534 nostri
432 2474 497 2549 aevi,
516 2473 600 2549 illum
615 2472 750 2533 Tacitum
763 2471 858 2534 nostri
875 2472 976 2533 saeculi
994 2473 1134 2548 appellat.

227 2577 367 2654 Praecipit
382 2583 414 2638 ut
431 2598 445 2632 «
463 2577 493 2637 in
506 2576 685 2655 colligendis
705 2577 826 2653 seriptis
842 2576 972 2654 publicis
991 2575 1074 2637 varii
1089 2573 1247 2638 occasione

188 2681 433 2759 prodeuntibus»
460 2679 550 2759 quim
571 2680 701 2742 unanima
722 2696 813 2758 opera
837 2680 941 2757 detur;
968 2680 1047 2758 quod
1064 2686 1246 2757 praeceptum

189 2785 299 2862 ipsein
315 2783 432 2847 Codice
446 2783 656 2864 diplomatico
671 2789 718 2846 est
736 2790 870 2846 secutus.
887 2785 920 2845 ln
937 2784 1085 2861 ejusmodi
1101 2784 1246 2861 operibus

187 2889 266 2951 hane
279 2891 366 2966 quasi
378 2890 513 2968 regulam
529 2889 652 2950 statuit:
670 2893 702 2948 ut
717 2888 791 2949 nihil
808 2888 951 2964 supertlui
967 2888 1151 2962 admittatur,
1169 2889 1246 2950 nilril

188 2993 351 3053 necessarii
368 2994 531 3054 omittatur.
549 2992 634 3064 Quod
650 2991 846 3052 Leilmitianae
866 2993 897 3051 in
912 2992 1077 3054 ordinandi
1093 2991 1248 3069 J'urispru-

189 3095 289 3158 dentiai
302 3097 435 3160 methodi
451 3095 676 3159 fundamentum
692 3096 857 3174 nuncupari
873 3102 981 3174 potest.
