2998 4824
690 803 838 876 CAPUT
864 805 909 876 tlt

501 1079 547 1128 DE
570 1079 876 1128 JURISPRUDENTIA
899 1079 1099 1130 EXEGETIGA

310 1281 559 1359 lurisprudentiae
579 1281 701 1361 quidem
719 1284 878 1362 exegetica
900 1283 961 1346 duo
985 1297 1095 1362 genera
1116 1288 1210 1346 sunt:
1232 1297 1329 1344 unum

270 1386 349 1463 quod
361 1402 398 1448 ex
411 1387 503 1450 variis
514 1387 655 1463 textibus,
673 1403 731 1449 non
743 1395 876 1450 textuum
891 1388 1007 1462 ordine,
1017 1387 1071 1450 sed
1084 1388 1184 1466 aliquo
1195 1387 1256 1449 aiio
1264 1387 1328 1449 ool·
1434 1450 1437 1467 Ι

270 1490 393 1570 ligitur;
407 1493 533 1553 alterum
545 1491 626 1570 quod
641 1491 678 1554 ad
690 1493 774 1569 ipsos
791 1498 887 1554 textus
902 1492 1155 1555 accommodatur.
1434 1472 1439 1499 ‘

311 1594 384 1657 lude
398 1595 465 1657 duae
477 1601 593 1673 partes:
611 1594 742 1673 primirm
751 1593 938 1676 philolopia
952 1613 989 1656 ac
999 1592 1213 1674 philosophia
1220 1590 1327 1672 jaris,

271 1713 337 1776 quae
349 1705 490 1777 tanquam
505 1701 760 1778 interpretationis
774 1700 956 1764 amahulum
972 1705 1018 1762 est
1032 1718 1040 1776 ;
1055 1699 1124 1762 dein
1139 1699 1207 1777 ipsa
1218 1697 1330 1778 lapara

270 1801 507 1882 interpretatio.

309 1900 503 1986 Philolopia
506 1907 525 1987 j
528 1907 598 1968 aris
611 1910 641 1970 in
653 1909 882 1986 disciplinarum
894 1913 1060 1970 ceterarum
1070 1908 1108 1969 ad
1118 1905 1331 1984 iurispruden·

271 2012 343 2073 tiam
358 2012 558 2090 applicatione
572 2013 722 2086 consistit,
735 2027 850 2075 necnon
866 2013 1094 2092 grammaticam
1106 2012 1245 2091 legalem,
1259 2011 1330 2070 rhe-

270 2116 408 2191 toricam,
423 2115 614 2191 didacticam,
635 2116 805 2192 historiam,
825 2118 953 2179 ethicam
970 2123 998 2178 et
1015 2117 1179 2196 politicam,
1195 2114 1330 2192 logicam

270 2225 300 2281 et
315 2221 562 2298 metaphysioam,
577 2220 706 2298 denique
718 2222 873 2299 physicam
888 2223 1031 2284 continet.
1044 2219 1160 2292 Quibus
1172 2220 1199 2280 si
1211 2218 1330 2279 diutius

271 2324 459 2400 immorarer,
477 2326 640 2402 plurimum
656 2325 776 2387 taedium
789 2326 890 2387 lorsau
905 2326 1021 2400 lectori,
1037 2324 1098 2386 ullai
1109 2325 1174 2385 sine
1185 2322 1329 2396 utilitate,

270 2428 419 2492 afferrem.
436 2431 529 2492 Multa
544 2430 677 2507 protecto
696 2430 823 2492 lelioiter
840 2431 1007 2508 excogitata
1024 2429 1074 2491 hic
1092 2428 1219 2506 reperio,
1242 2425 1330 2488 uerbi

270 2533 367 2612 gratia
388 2536 548 2597 nonnullas
569 2535 606 2596 de
632 2535 863 2598 antinomiarum
893 2534 1042 2597 solutione
1062 2531 1331 2612 ingeniosissimos

271 2639 448 2700 sententias.
461 2638 539 2709 Quid
551 2638 630 2716 qudd
639 2638 676 2701 de
688 2638 863 2701 Triboniani
872 2639 1036 2713 erroribus,
1045 2635 1249 2699 delustiniani
1260 2649 1330 2712 gar-

271 2742 389 2804 rulitate
403 2741 609 2804 eruditissime
627 2759 663 2806 ao
677 2743 876 2823 sagacissime
890 2743 1035 2806 disserit?
1052 2740 1163 2806 verum
1177 2742 1241 2802 hac
1257 2741 1329 2802 nul*

271 2847 334 2908 lum
349 2847 442 2908 alium
454 2845 545 2925 quam
557 2847 765 2926 jurisperitum
777 2848 925 2911 delectare
938 2853 1076 2925 possunt.

310 2953 453 3033 Sequitur
467 2953 575 3034 lapara
588 2953 824 3034 interpretatio,
842 2969 908 3032 quae
917 2955 963 3016 vel
974 2952 1172 3014 simalroaea
1185 2951 1232 3014 vel
1246 2949 1331 3012 soli·

270 3055 359 3118 tario
373 3063 430 3119 est.

309 3159 517 3223 Simultaroa
528 3165 631 3241 plures
639 3165 722 3243 leges
734 3165 958 3241 complectitur;
975 3177 1089 3226 necnon
1100 3159 1330 3241 velperlepam

269 3265 387 3327 seriem
401 3268 447 3330 vel
463 3283 516 3344 per
529 3285 697 3328 rammam
710 3270 756 3331 vel
769 3284 822 3347 per
833 3265 992 3347 paratitlo
1006 3268 1172 3330 conficitur.
1187 3266 1329 3342 Exempli

270 3386 408 3430 samma
423 3371 530 3449 gratia,
550 3370 600 3432 hio
615 3371 794 3447 Leihnitius,
815 3374 997 3434 universalia
1016 3371 1226 3446 abstrahendo,
1247 3385 1329 3433 non-

271 3475 370 3538 nullos
386 3476 487 3554 legum
502 3476 705 3538 Romanarum
717 3477 821 3538 titulos
835 3459 982 3540 contrahit
996 3477 1044 3553 (l).
1188 3477 1190 3480 ’

306 3747 341 3818 (l)
361 3747 438 3818 hig,
454 3747 506 3803 lib.
522 3746 548 3811 3,
566 3748 609 3801 tit.
625 3747 651 3813 3,
668 3750 709 3804 de·
718 3750 965 3821 procuratoribus.

305 3831 386 3891 cod,
404 3830 455 3883 lib.
471 3829 497 3892 6,
509 3830 551 3882 tit.
569 3830 611 3894 50,
628 3833 664 3884 de
675 3833 794 3886 caducis
804 3833 952 3886 tollendis.

305 3911 431 3966 Novella
443 3913 497 3976 ΙΙΙ,
513 3914 548 3966 de
559 3915 722 3968 monachis
