2998 4824
567 373 800 485 ¹-ar-

178 618 394 680 nonnunquam
414 604 490 664 inter
505 618 538 665 se
555 604 687 678 misceri,
704 605 780 665 utin
797 604 1041 681 serviexemplo.
1058 600 1127 665 Tria
1145 604 1238 682 igitur

177 708 373 770 iustiniancae
388 709 557 785 partitionis
573 709 792 770 membrainter
804 725 836 770 se
847 707 1070 778 confunduntur
1081 727 1088 784 ;
1098 707 1236 769 conlusio

178 818 278 874 autem
304 811 394 889 quam
418 813 583 874 marimum
604 813 703 875 omnis
729 814 898 890 parlitionis
919 813 1025 874 vitium
1047 815 1103 873 cst.
1126 809 1237 873 Verium

179 915 261 976 aliud
273 923 302 977 et
314 915 434 993 quidem
446 917 567 995 gravius
576 917 802 980 Institutionum
815 917 955 979 methodo
964 916 1114 992 objicitur,
1122 915 1238 977 scilicet

180 1019 259 1098 quod
275 1018 292 1081 a
308 1020 396 1096 lacto,
417 1036 475 1082 non
491 1019 509 1081 a
526 1021 592 1098 jure
607 1023 699 1099 petita
713 1027 770 1083 est.
792 1009 1041 1099 lurisprudentiae
1063 1019 1153 1097 porro
1172 1035 1237 1080 ma-

180 1125 254 1185 teria
271 1125 300 1184 in
314 1123 392 1201 J‘ure,
408 1139 467 1187 non
483 1124 513 1185 in
529 1125 606 1188 lacto
621 1127 773 1208 consistit,

222 1249 236 1284 u
254 1227 409 1289 Personae
424 1229 544 1291 enimet
558 1235 690 1292 reason?
705 1230 787 1305 lacti,
802 1235 945 1309 poteslas
955 1236 984 1292 et
999 1226 1163 1308 oblipoiio,
1180 1233 1235 1290 elo.

178 1333 255 1410 jnris
268 1333 399 1395 tormini.
416 1334 490 1395 Etsi
504 1335 596 1396 semel
612 1333 786 1396 methodum
796 1334 864 1395 iacti
873 1334 984 1413 eligere
992 1333 1096 1408 voluit,
1113 1347 1166 1394 cur
1178 1347 1238 1394 nou

181 1439 385 1500 continuavit?
410 1438 470 1499 Cur
487 1452 545 1500 non
562 1438 724 1501 subdivisit
740 1453 885 1515 personas
900 1444 929 1501 et
945 1453 995 1500 res
1010 1453 1046 1500 ex
1061 1437 1195 1514 physicis
1210 1441 1239 1498 et
1264 1432 1267 1438 '
1329 1491 1331 1496 ,

181 1542 300 1617 ethicis,
316 1542 399 1603 verbi
416 1541 523 1621 gratia,
540 1559 700 1620 personas
719 1543 749 1602 in
766 1541 887 1618 surdos,
904 1547 1016 1616 mutos,
1036 1555 1150 1617 caecos;
1168 1541 1239 1602 her-

181 1647 400 1723 maphroditos
417 1646 589 1723 periectos;
608 1647 701 1722 virne,
728 1647 867 1722 leminas,
888 1647 1072 1724 impuberes,
1093 1646 1238 1720 minores,

181 1750 1234 1830 adultos3divites,pauperes;nobileS,magistratus,rusticos,pereg-

181 1856 283 1931 rinos3
305 1856 473 1930 haereticos,
498 1856 721 1930 schismaticos,
744 1861 800 1917 etc.
812 1875 821 1933 ;
845 1873 897 1915 res
917 1855 947 1915 in
962 1854 1112 1929 dividuas
1129 1853 1239 1916 indivi-

181 1958 268 2035 duaS,
289 1959 449 2036 pretiosas,
468 1959 555 2035 viles,
573 1960 713 2035 mobiles,
735 1959 918 2036 immobiles,
937 1965 1152 2034 semoventes,
1172 1959 1238 2020 the-

182 2080 300 2134 sauros,
324 2079 476 2140 nummos,
501 2080 549 2127 res
572 2064 757 2144 lungibiles3
777 2064 999 2142 quadrupedes,
1019 2079 1124 2142 equos,
1146 2063 1238 2140 ieras,

182 2172 261 2231 etc?
276 2168 346 2244 Cur,
364 2170 498 2246 inquam,
515 2184 574 2230 non
590 2166 631 2230 ita
644 2169 747 2230 titulos
760 2169 837 2247 jnris
852 2167 1007 2231 distribuit
1019 2174 1048 2230 ct
1060 2168 1090 2229 in
1106 2167 1239 2245 singulis

182 2274 254 2351 quid
266 2274 344 2352 jnris
356 2279 437 2335 esset
447 2274 611 2351 explicuit?
624 2273 755 2352 Agnovit
767 2274 882 2335 scilicet
892 2271 948 2334 bric
960 2272 1074 2333 ratione
1083 2275 1239 2333 secuturas

184 2376 315 2437 infinitas
339 2376 543 2452 repetitiones
570 2391 625 2439 neo
652 2391 743 2454 posse
768 2392 831 2438 rem
857 2376 894 2436 ad
918 2375 1101 2436 universalia
1128 2373 1238 2452 redigi,

184 2479 312 2542 Perinde
326 2496 361 2542 ac
376 2481 403 2542 si
418 2479 551 2559 geodaeta
567 2496 625 2542 non
641 2480 755 2555 iormae,
773 2480 826 2542 sed
841 2480 974 2541 materiae
993 2479 1109 2540 ratione
1127 2477 1240 2539 doctri-

184 2601 253 2646 nam
272 2599 358 2646 suam
378 2586 548 2662 partiretur,
564 2590 593 2647 et
609 2590 711 2664 ageret
728 2583 766 2646 de
783 2583 973 2646 dimensione
990 2596 1144 2662 agrorum,
1168 2596 1240 2657 pas-

184 2685 1238 2768 cuorum,camporumarenosorum,argillosorum,saxosorum.tluis

185 2809 244 2855 non
259 2795 338 2856 bunc
350 2809 460 2855 novum
474 2793 630 2855 Euclidem
647 2791 778 2855 rideret?
794 2792 841 2868 (l).
867 2814 881 2848 a

186 3168 360 3240 obligations
376 3186 408 3223 se
424 3174 590 3240 rapportent
604 3167 832 3222 ordinairemcnt
846 3169 903 3220 aun
916 3166 1032 3228 choses,
1050 3172 1078 3219 et
1092 3166 1114 3218 il
1123 3172 1171 3220 est
1182 3165 1243 3220 eri-

187 3251 349 3320 dentqn'ils
364 3251 586 3322 appartiennent
600 3250 734 3321 bonjours
751 3267 807 3302 aux
820 3265 993 3320 personnes
1008 3249 1064 3302 Les
1081 3249 1192 3302 actions
1206 3267 1244 3303 en

186 3331 311 3386 forment
320 3351 377 3386 une
387 3333 481 3386 classe
490 3331 688 3404 particulierc,
696 3332 794 3385 savoir
804 3330 878 3385 celle
888 3333 940 3385 des
949 3331 1039 3383 droits
1050 3330 1101 3402 qui
1110 3337 1160 3384 ont
1168 3349 1243 3402 pour

187 3413 239 3466 but
252 3415 702 3486 d'assurerl'accomplissement
716 3415 842 3468 d'autres
859 3414 960 3467 droits.
976 3433 991 3464 »

223 3535 256 3607 (l)
276 3537 428 3590 Blondcoo.
451 3537 508 3590 Sur
526 3536 570 3590 les
589 3536 741 3591 methodos
761 3537 797 3590 de
817 3534 1026 3590 classifioaiion
1045 3552 1082 3589 en
1098 3535 1243 3608 jurispru-

189 3619 288 3682 dence,
305 3618 381 3673 libro
398 3620 496 3672 citato.
1201 3609 1204 3615 ’
1264 3686 1271 3696 .

224 3721 238 3750 <‹
254 3702 317 3766 Que
332 3701 534 3772 penseraiton
549 3702 618 3755 d'un
628 3701 771 3755 botanisie
782 3701 914 3771 quinous
925 3701 1076 3770 diraitque
1086 3699 1115 3752 la
1125 3701 1242 3756 soience

189 3782 239 3834 des
250 3781 388 3853 plantesa
402 3783 473 3836 trois
489 3784 584 3854 objets
597 3783 641 3836 :1⁰
656 3783 699 3837 les
710 3777 879 3854 jardinierS,
893 3784 919 3836 2⁰
929 3783 956 3837 le
971 3783 1026 3847 sol,
1043 3781 1069 3835 3⁰
1080 3782 1123 3836 les
1140 3784 1243 3838 arbus-

188 3864 253 3916 tes?
267 3865 529 3928 L’excuserait-on,
545 3866 706 3938 parcequ'il
719 3865 914 3938 expliquerait
933 3884 986 3920 son
1005 3865 1071 3919 idee
1091 3883 1128 3918 en
1147 3866 1244 3920 disant

191 3963 244 4015 que
262 3965 332 4000 sous
350 3948 378 4002 le
399 3949 526 4020 prcmier
545 3949 615 4004 chef
623 3949 645 4002 r'l
668 3949 730 4002 fera
750 3949 899 4003 connaiire
921 3949 965 4003 les
983 3947 1096 4020 plantes
1110 3949 1170 4020 ,qui
1193 3957 1244 4004 ont
