<?xml version="1.0" encoding="UTF-8"?>
<!DOCTYPE html PUBLIC "-//W3C//DTD XHTML 1.0 Transitional//EN"
    "http://www.w3.org/TR/xhtml1/DTD/xhtml1-transitional.dtd">
<html xmlns="http://www.w3.org/1999/xhtml" xml:lang="en" lang="en">
 <head>
  <title>
</title>
<meta http-equiv="Content-Type" content="text/html;charset=utf-8" />
  <meta name='ocr-system' content='tesseract 3.04.00' />
  <meta name='ocr-capabilities' content='ocr_page ocr_carea ocr_par ocr_line ocrx_word'/>
</head>
<body>
  <div class='ocr_page' id='page_1' title='image "./ggleibnitiideno00legrgoog_0028.png"; bbox 0 0 2998 4824; ppageno 0'>
   <div class='ocr_carea' id='block_1_1' title="bbox 636 391 794 452">
    <p class='ocr_par' dir='ltr' id='par_1_1' title="bbox 636 391 794 452">
     <span class='ocr_line' id='line_1_1' title="bbox 636 391 794 452; baseline 0.038 -6"><span class='ocrx_word' id='word_1_1' title='bbox 636 391 794 452; x_wconf 46' lang='grc'>43-</span> 
     </span>
    </p>
   </div>
   <div class='ocr_carea' id='block_1_2' title="bbox 126 567 1251 3663">
    <p class='ocr_par' dir='ltr' id='par_1_2' title="bbox 126 567 1246 1386">
     <span class='ocr_line' id='line_1_2' title="bbox 178 567 1243 648; baseline 0.002 -18"><span class='ocrx_word' id='word_1_2' title='bbox 178 567 271 630; x_wconf 87' lang='lat' dir='ltr'>Haud</span> <span class='ocrx_word' id='word_1_3' title='bbox 298 569 419 646; x_wconf 85' lang='lat' dir='ltr'>quidem</span> <span class='ocrx_word' id='word_1_4' title='bbox 443 570 612 633; x_wconf 90' lang='lat' dir='ltr'>Leibnitius</span> <span class='ocrx_word' id='word_1_5' title='bbox 633 578 762 648; x_wconf 91' lang='lat' dir='ltr'>veretur,</span> <span class='ocrx_word' id='word_1_6' title='bbox 789 587 826 633; x_wconf 91' lang='lat' dir='ltr'>ne</span> <span class='ocrx_word' id='word_1_7' title='bbox 847 572 894 635; x_wconf 85' lang='lat' dir='ltr'>uel</span> <span class='ocrx_word' id='word_1_8' title='bbox 914 572 1006 633; x_wconf 89' lang='lat' dir='ltr'>nimis</span> <span class='ocrx_word' id='word_1_9' title='bbox 1027 573 1074 634; x_wconf 86' lang='lat' dir='ltr'>vel</span> <span class='ocrx_word' id='word_1_10' title='bbox 1096 573 1243 633; x_wconf 89' lang='lat' dir='ltr'>maturius</span> 
     </span>
     <span class='ocr_line' id='line_1_3' title="bbox 178 673 1245 755; baseline 0.004 -21"><span class='ocrx_word' id='word_1_11' title='bbox 178 675 269 749; x_wconf 89' lang='lat' dir='ltr'>pueri</span> <span class='ocrx_word' id='word_1_12' title='bbox 292 673 478 752; x_wconf 89' lang='lat' dir='ltr'>doceantur;</span> <span class='ocrx_word' id='word_1_13' title='bbox 506 691 564 738; x_wconf 93' lang='lat' dir='ltr'>non</span> <span class='ocrx_word' id='word_1_14' title='bbox 585 676 686 738; x_wconf 81' lang='lat' dir='ltr'>minus</span> <span class='ocrx_word' id='word_1_15' title='bbox 709 677 910 739; x_wconf 88' lang='lat' dir='ltr'>institutionis</span> <span class='ocrx_word' id='word_1_16' title='bbox 928 681 1022 737; x_wconf 90' lang='lat' dir='ltr'>artem</span> <span class='ocrx_word' id='word_1_17' title='bbox 1049 674 1139 753; x_wconf 79' lang='lat' dir='ltr'>quam</span> <span class='ocrx_word' id='word_1_18' title='bbox 1161 677 1245 755; x_wconf 86' lang='lat' dir='ltr'>inge·</span> 
     </span>
     <span class='ocr_line' id='line_1_4' title="bbox 167 777 1243 861; baseline 0.002 -23"><span class='ocrx_word' id='word_1_19' title='bbox 167 777 224 861; x_wconf 87' lang='lat' dir='ltr'>nii</span> <span class='ocrx_word' id='word_1_20' title='bbox 250 779 493 856; x_wconf 80' lang='lat' dir='ltr'>magnitudinem</span> <span class='ocrx_word' id='word_1_21' title='bbox 514 780 551 841; x_wconf 87' lang='lat' dir='ltr'>ad</span> <span class='ocrx_word' id='word_1_22' title='bbox 574 781 732 842; x_wconf 90' lang='lat' dir='ltr'>scientiam</span> <span class='ocrx_word' id='word_1_23' title='bbox 754 781 980 858; x_wconf 81' lang='lat' dir='ltr'>adipiscendam</span> <span class='ocrx_word' id='word_1_24' title='bbox 1000 781 1143 857; x_wconf 88' lang='lat' dir='ltr'>prolicere</span> <span class='ocrx_word' id='word_1_25' title='bbox 1164 780 1243 842; x_wconf 83' lang='lat' dir='ltr'>enis-</span> 
     </span>
     <span class='ocr_line' id='line_1_5' title="bbox 178 881 1246 961; baseline 0.004 -20"><span class='ocrx_word' id='word_1_26' title='bbox 178 881 283 944; x_wconf 89' lang='lat' dir='ltr'>timat.</span> <span class='ocrx_word' id='word_1_27' title='bbox 301 905 316 940; x_wconf 90' lang='lat'>«</span> <span class='ocrx_word' id='word_1_28' title='bbox 332 883 483 946; x_wconf 89' lang='lat' dir='ltr'>Judicium</span> <span class='ocrx_word' id='word_1_29' title='bbox 494 885 591 960; x_wconf 84' lang='lat' dir='ltr'>enim,</span> <span class='ocrx_word' id='word_1_30' title='bbox 608 886 660 961; x_wconf 92' lang='lat' dir='ltr'>ait,</span> <span class='ocrx_word' id='word_1_31' title='bbox 677 887 735 948; x_wconf 90' lang='lat' dir='ltr'>etsi</span> <span class='ocrx_word' id='word_1_32' title='bbox 750 892 818 946; x_wconf 90' lang='lat' dir='ltr'>ante</span> <span class='ocrx_word' id='word_1_33' title='bbox 832 900 927 947; x_wconf 86' lang='lat' dir='ltr'>annos</span> <span class='ocrx_word' id='word_1_34' title='bbox 943 900 1002 947; x_wconf 94' lang='lat' dir='ltr'>non</span> <span class='ocrx_word' id='word_1_35' title='bbox 1023 885 1132 959; x_wconf 87' lang='lat' dir='ltr'>veniat,</span> <span class='ocrx_word' id='word_1_36' title='bbox 1148 889 1246 961; x_wconf 91' lang='lat' dir='ltr'>potest</span> 
     </span>
     <span class='ocr_line' id='line_1_6' title="bbox 179 987 1246 1066; baseline 0.002 -20"><span class='ocrx_word' id='word_1_37' title='bbox 179 992 286 1048; x_wconf 88' lang='lat' dir='ltr'>tamen</span> <span class='ocrx_word' id='word_1_38' title='bbox 301 992 336 1049; x_wconf 89' lang='lat' dir='ltr'>et</span> <span class='ocrx_word' id='word_1_39' title='bbox 346 987 375 1048; x_wconf 91' lang='lat' dir='ltr'>in</span> <span class='ocrx_word' id='word_1_40' title='bbox 387 988 516 1065; x_wconf 86' lang='lat' dir='ltr'>puerilia</span> <span class='ocrx_word' id='word_1_41' title='bbox 531 989 742 1066; x_wconf 87' lang='lat' dir='ltr'>interrogando</span> <span class='ocrx_word' id='word_1_42' title='bbox 757 990 891 1051; x_wconf 86' lang='lat' dir='ltr'>excitari.</span> <span class='ocrx_word' id='word_1_43' title='bbox 907 1011 921 1046; x_wconf 80' lang='lat' dir='ltr'>i&gt;</span> <span class='ocrx_word' id='word_1_44' title='bbox 935 990 1000 1051; x_wconf 91' lang='lat' dir='ltr'>Non</span> <span class='ocrx_word' id='word_1_45' title='bbox 1016 987 1086 1050; x_wconf 89' lang='lat' dir='ltr'>verd</span> <span class='ocrx_word' id='word_1_46' title='bbox 1102 987 1132 1049; x_wconf 91' lang='lat' dir='ltr'>id</span> <span class='ocrx_word' id='word_1_47' title='bbox 1147 989 1246 1066; x_wconf 88' lang='lat' dir='ltr'>requi-</span> 
     </span>
     <span class='ocr_line' id='line_1_7' title="bbox 179 1090 1243 1170; baseline 0.002 -20"><span class='ocrx_word' id='word_1_48' title='bbox 179 1090 233 1165; x_wconf 89' lang='lat' dir='ltr'>rit,</span> <span class='ocrx_word' id='word_1_49' title='bbox 258 1096 293 1152; x_wconf 91' lang='lat' dir='ltr'>ut</span> <span class='ocrx_word' id='word_1_50' title='bbox 313 1090 373 1154; x_wconf 87' lang='lat' dir='ltr'>citd</span> <span class='ocrx_word' id='word_1_51' title='bbox 391 1092 517 1168; x_wconf 87' lang='lat' dir='ltr'>juvenes</span> <span class='ocrx_word' id='word_1_52' title='bbox 539 1092 575 1153; x_wconf 91' lang='lat' dir='ltr'>ad</span> <span class='ocrx_word' id='word_1_53' title='bbox 592 1107 716 1154; x_wconf 91' lang='lat' dir='ltr'>munera</span> <span class='ocrx_word' id='word_1_54' title='bbox 737 1093 868 1169; x_wconf 90' lang='lat' dir='ltr'>publica,</span> <span class='ocrx_word' id='word_1_55' title='bbox 891 1093 944 1154; x_wconf 92' lang='lat' dir='ltr'>scd</span> <span class='ocrx_word' id='word_1_56' title='bbox 959 1098 991 1154; x_wconf 95' lang='lat' dir='ltr'>ut</span> <span class='ocrx_word' id='word_1_57' title='bbox 1009 1092 1092 1170; x_wconf 82' lang='lat' dir='ltr'>digni</span> <span class='ocrx_word' id='word_1_58' title='bbox 1113 1093 1243 1153; x_wconf 86' lang='lat' dir='ltr'>veniant.</span> 
     </span>
     <span class='ocr_line' id='line_1_8' title="bbox 181 1193 1245 1276; baseline 0.006 -25"><span class='ocrx_word' id='word_1_59' title='bbox 181 1215 196 1250; x_wconf 75' lang='lat' dir='ltr'>c</span> <span class='ocrx_word' id='word_1_60' title='bbox 210 1193 292 1264; x_wconf 85' lang='lat' dir='ltr'>Quia</span> <span class='ocrx_word' id='word_1_61' title='bbox 307 1196 388 1256; x_wconf 92' lang='lat' dir='ltr'>enim</span> <span class='ocrx_word' id='word_1_62' title='bbox 403 1197 465 1258; x_wconf 89' lang='lat' dir='ltr'>uita</span> <span class='ocrx_word' id='word_1_63' title='bbox 480 1196 591 1273; x_wconf 85' lang='lat' dir='ltr'>breuis,</span> <span class='ocrx_word' id='word_1_64' title='bbox 612 1213 662 1259; x_wconf 88' lang='lat' dir='ltr'>ars</span> <span class='ocrx_word' id='word_1_65' title='bbox 676 1199 764 1276; x_wconf 88' lang='lat' dir='ltr'>longa</span> <span class='ocrx_word' id='word_1_66' title='bbox 781 1203 837 1273; x_wconf 89' lang='lat' dir='ltr'>est,</span> <span class='ocrx_word' id='word_1_67' title='bbox 859 1213 917 1259; x_wconf 91' lang='lat' dir='ltr'>non</span> <span class='ocrx_word' id='word_1_68' title='bbox 934 1202 1032 1274; x_wconf 90' lang='lat' dir='ltr'>potest</span> <span class='ocrx_word' id='word_1_69' title='bbox 1050 1197 1141 1258; x_wconf 90' lang='lat' dir='ltr'>nimis</span> <span class='ocrx_word' id='word_1_70' title='bbox 1157 1197 1245 1257; x_wconf 92' lang='lat' dir='ltr'>insti-</span> 
     </span>
     <span class='ocr_line' id='line_1_9' title="bbox 126 1299 542 1386; baseline 0.002 -29"><span class='ocrx_word' id='word_1_71' title='bbox 126 1379 129 1386; x_wconf 24' lang='lat'>.</span> <span class='ocrx_word' id='word_1_72' title='bbox 178 1299 259 1360; x_wconf 92' lang='lat' dir='ltr'>tutio</span> <span class='ocrx_word' id='word_1_73' title='bbox 282 1299 442 1362; x_wconf 86' lang='lat' dir='ltr'>accelerari</span> <span class='ocrx_word' id='word_1_74' title='bbox 460 1301 542 1377; x_wconf 82' lang='grc'><strong>(1).»</strong></span> 
     </span>
    </p>

    <p class='ocr_par' dir='ltr' id='par_1_3' title="bbox 179 1401 1246 1796">
     <span class='ocr_line' id='line_1_10' title="bbox 221 1401 1246 1485; baseline -0.001 -20"><span class='ocrx_word' id='word_1_75' title='bbox 221 1401 323 1465; x_wconf 89' lang='lat' dir='ltr'>Omne</span> <span class='ocrx_word' id='word_1_76' title='bbox 334 1408 434 1465; x_wconf 89' lang='lat' dir='ltr'>autem</span> <span class='ocrx_word' id='word_1_77' title='bbox 449 1404 635 1470; x_wconf 89' lang='lat' dir='ltr'>educationis</span> <span class='ocrx_word' id='word_1_78' title='bbox 647 1413 767 1485; x_wconf 89' lang='lat' dir='ltr'>tempus</span> <span class='ocrx_word' id='word_1_79' title='bbox 780 1409 810 1469; x_wconf 93' lang='lat' dir='ltr'>in</span> <span class='ocrx_word' id='word_1_80' title='bbox 823 1412 951 1484; x_wconf 85' lang='lat' dir='ltr'>quatuor</span> <span class='ocrx_word' id='word_1_81' title='bbox 961 1412 1062 1483; x_wconf 89' lang='lat' dir='ltr'>partes</span> <span class='ocrx_word' id='word_1_82' title='bbox 1077 1404 1246 1466; x_wconf 86' lang='lat' dir='ltr'>leibnitius</span> 
     </span>
     <span class='ocr_line' id='line_1_11' title="bbox 179 1505 1246 1589; baseline 0.001 -23"><span class='ocrx_word' id='word_1_83' title='bbox 179 1505 312 1571; x_wconf 89' lang='lat' dir='ltr'>dividit:</span> <span class='ocrx_word' id='word_1_84' title='bbox 331 1509 428 1586; x_wconf 91' lang='lat' dir='ltr'>prima</span> <span class='ocrx_word' id='word_1_85' title='bbox 443 1509 524 1572; x_wconf 91' lang='lat' dir='ltr'>domi</span> <span class='ocrx_word' id='word_1_86' title='bbox 540 1509 619 1587; x_wconf 91' lang='lat' dir='ltr'>apud</span> <span class='ocrx_word' id='word_1_87' title='bbox 634 1517 772 1586; x_wconf 88' lang='lat' dir='ltr'>parentes</span> <span class='ocrx_word' id='word_1_88' title='bbox 787 1511 924 1589; x_wconf 86' lang='lat' dir='ltr'>degitur;</span> <span class='ocrx_word' id='word_1_89' title='bbox 941 1509 1072 1571; x_wconf 89' lang='lat' dir='ltr'>secunda</span> <span class='ocrx_word' id='word_1_90' title='bbox 1086 1509 1116 1568; x_wconf 93' lang='lat' dir='ltr'>in</span> <span class='ocrx_word' id='word_1_91' title='bbox 1133 1509 1246 1570; x_wconf 91' lang='lat' dir='ltr'>scholis</span> 
     </span>
     <span class='ocr_line' id='line_1_12' title="bbox 180 1610 1246 1698; baseline 0 -27"><span class='ocrx_word' id='word_1_92' title='bbox 180 1611 271 1698; x_wconf 30' lang='lat' dir='ltr'>apud·</span> <span class='ocrx_word' id='word_1_93' title='bbox 283 1613 445 1691; x_wconf 87' lang='lat' dir='ltr'>magistros</span> <span class='ocrx_word' id='word_1_94' title='bbox 459 1632 467 1690; x_wconf 93' lang='lat'>;</span> <span class='ocrx_word' id='word_1_95' title='bbox 483 1614 570 1676; x_wconf 88' lang='lat' dir='ltr'>tertia</span> <span class='ocrx_word' id='word_1_96' title='bbox 585 1614 615 1674; x_wconf 95' lang='lat' dir='ltr'>in</span> <span class='ocrx_word' id='word_1_97' title='bbox 634 1614 789 1676; x_wconf 74' lang='lat' dir='ltr'>academici</span> <span class='ocrx_word' id='word_1_98' title='bbox 807 1615 853 1676; x_wconf 93' lang='lat' dir='ltr'>vel</span> <span class='ocrx_word' id='word_1_99' title='bbox 873 1612 942 1675; x_wconf 80' lang='lat' dir='ltr'>aula</span> <span class='ocrx_word' id='word_1_100' title='bbox 957 1610 1016 1674; x_wconf 75' lang='lat' dir='ltr'>und</span> <span class='ocrx_word' id='word_1_101' title='bbox 1032 1627 1101 1674; x_wconf 89' lang='lat' dir='ltr'>cum</span> <span class='ocrx_word' id='word_1_102' title='bbox 1116 1611 1224 1672; x_wconf 88' lang='lat' dir='ltr'>amicis</span> <span class='ocrx_word' id='word_1_103' title='bbox 1238 1629 1246 1685; x_wconf 93' lang='lat'>;</span> 
     </span>
     <span class='ocr_line' id='line_1_13' title="bbox 181 1717 1172 1796; baseline 0.009 -20"><span class='ocrx_word' id='word_1_104' title='bbox 181 1721 292 1792; x_wconf 87' lang='lat' dir='ltr'>quarta</span> <span class='ocrx_word' id='word_1_105' title='bbox 308 1717 542 1796; x_wconf 81' lang='lat' dir='ltr'>peregrinationi</span> <span class='ocrx_word' id='word_1_106' title='bbox 558 1718 656 1780; x_wconf 89' lang='lat' dir='ltr'>datur.</span> <span class='ocrx_word' id='word_1_107' title='bbox 1166 1763 1172 1773; x_wconf 18' lang='lat' dir='ltr'>-s</span> 
     </span>
    </p>

    <p class='ocr_par' dir='ltr' id='par_1_4' title="bbox 181 1818 1248 2298">
     <span class='ocr_line' id='line_1_14' title="bbox 222 1818 1247 1900; baseline -0.002 -20"><span class='ocrx_word' id='word_1_108' title='bbox 222 1819 336 1881; x_wconf 79' lang='lat' dir='ltr'>infanti</span> <span class='ocrx_word' id='word_1_109' title='bbox 352 1821 409 1882; x_wconf 89' lang='lat' dir='ltr'>tria</span> <span class='ocrx_word' id='word_1_110' title='bbox 427 1820 572 1883; x_wconf 89' lang='lat' dir='ltr'>discenda</span> <span class='ocrx_word' id='word_1_111' title='bbox 586 1836 654 1884; x_wconf 88' lang='lat' dir='ltr'>esse</span> <span class='ocrx_word' id='word_1_112' title='bbox 671 1822 775 1898; x_wconf 80' lang='lat' dir='ltr'>iubet:</span> <span class='ocrx_word' id='word_1_113' title='bbox 799 1820 931 1900; x_wconf 83' lang='lat' dir='ltr'>primum</span> <span class='ocrx_word' id='word_1_114' title='bbox 945 1826 975 1881; x_wconf 90' lang='lat' dir='ltr'>et</span> <span class='ocrx_word' id='word_1_115' title='bbox 988 1824 1057 1880; x_wconf 87' lang='lat' dir='ltr'>ante</span> <span class='ocrx_word' id='word_1_116' title='bbox 1073 1818 1173 1880; x_wconf 90' lang='lat' dir='ltr'>omnia</span> <span class='ocrx_word' id='word_1_117' title='bbox 1188 1819 1247 1878; x_wconf 90' lang='lat' dir='ltr'>lin-</span> 
     </span>
     <span class='ocr_line' id='line_1_15' title="bbox 181 1920 1248 2003; baseline -0.002 -19"><span class='ocrx_word' id='word_1_118' title='bbox 181 1939 278 2001; x_wconf 87' lang='lat' dir='ltr'>quam</span> <span class='ocrx_word' id='word_1_119' title='bbox 303 1925 447 2001; x_wconf 76' lang='lat' dir='ltr'>(precipit</span> <span class='ocrx_word' id='word_1_120' title='bbox 469 1933 569 1987; x_wconf 90' lang='lat' dir='ltr'>autem</span> <span class='ocrx_word' id='word_1_121' title='bbox 595 1930 626 1987; x_wconf 93' lang='lat' dir='ltr'>ut</span> <span class='ocrx_word' id='word_1_122' title='bbox 647 1941 700 2003; x_wconf 87' lang='lat' dir='ltr'>per</span> <span class='ocrx_word' id='word_1_123' title='bbox 721 1941 810 1986; x_wconf 92' lang='lat' dir='ltr'>usum</span> <span class='ocrx_word' id='word_1_124' title='bbox 831 1940 890 1988; x_wconf 89' lang='lat' dir='ltr'>non</span> <span class='ocrx_word' id='word_1_125' title='bbox 909 1922 999 1986; x_wconf 89' lang='lat' dir='ltr'>mcdd</span> <span class='ocrx_word' id='word_1_126' title='bbox 1015 1923 1122 2000; x_wconf 88' lang='lat' dir='ltr'>patria,</span> <span class='ocrx_word' id='word_1_127' title='bbox 1145 1920 1198 1983; x_wconf 88' lang='lat' dir='ltr'>sed</span> <span class='ocrx_word' id='word_1_128' title='bbox 1219 1929 1248 1983; x_wconf 88' lang='lat' dir='ltr'>et</span> 
     </span>
     <span class='ocr_line' id='line_1_16' title="bbox 182 2026 1247 2109; baseline -0.002 -21"><span class='ocrx_word' id='word_1_129' title='bbox 182 2027 281 2089; x_wconf 89' lang='lat' dir='ltr'>latina</span> <span class='ocrx_word' id='word_1_130' title='bbox 297 2027 401 2106; x_wconf 88' lang='lat' dir='ltr'>lingua</span> <span class='ocrx_word' id='word_1_131' title='bbox 421 2027 597 2105; x_wconf 82' lang='lat' dir='ltr'>doccatur);</span> <span class='ocrx_word' id='word_1_132' title='bbox 620 2029 689 2091; x_wconf 91' lang='lat' dir='ltr'>dein</span> <span class='ocrx_word' id='word_1_133' title='bbox 711 2034 816 2109; x_wconf 90' lang='lat' dir='ltr'>gestus</span> <span class='ocrx_word' id='word_1_134' title='bbox 841 2045 917 2106; x_wconf 86' lang='lat' dir='ltr'>quos</span> <span class='ocrx_word' id='word_1_135' title='bbox 942 2028 1019 2090; x_wconf 90' lang='lat' dir='ltr'>inter</span> <span class='ocrx_word' id='word_1_136' title='bbox 1039 2031 1171 2089; x_wconf 88' lang='lat' dir='ltr'>moratos</span> <span class='ocrx_word' id='word_1_137' title='bbox 1186 2026 1247 2087; x_wconf 90' lang='lat' dir='ltr'>cnl-</span> 
     </span>
     <span class='ocr_line' id='line_1_17' title="bbox 183 2129 1248 2210; baseline 0 -18"><span class='ocrx_word' id='word_1_138' title='bbox 183 2132 445 2209; x_wconf 86' lang='lat' dir='ltr'>tosqueiromines</span> <span class='ocrx_word' id='word_1_139' title='bbox 469 2132 603 2210; x_wconf 90' lang='lat' dir='ltr'>quotidie</span> <span class='ocrx_word' id='word_1_140' title='bbox 630 2131 776 2196; x_wconf 91' lang='lat' dir='ltr'>veniendo</span> <span class='ocrx_word' id='word_1_141' title='bbox 791 2131 879 2195; x_wconf 79' lang='lat' dir='ltr'>facile</span> <span class='ocrx_word' id='word_1_142' title='bbox 903 2136 1093 2210; x_wconf 88' lang='lat' dir='ltr'>cognoscet;</span> <span class='ocrx_word' id='word_1_143' title='bbox 1119 2129 1248 2207; x_wconf 89' lang='lat' dir='ltr'>denique</span> 
     </span>
     <span class='ocr_line' id='line_1_18' title="bbox 183 2236 857 2298; baseline 0.006 -2"><span class='ocrx_word' id='word_1_144' title='bbox 183 2236 358 2298; x_wconf 87' lang='lat' dir='ltr'>historiam.</span> <span class='ocrx_word' id='word_1_145' title='bbox 855 2283 857 2288; x_wconf 84' lang='lat'>-</span> 
     </span>
    </p>

    <p class='ocr_par' dir='ltr' id='par_1_5' title="bbox 168 2338 1251 3353">
     <span class='ocr_line' id='line_1_19' title="bbox 228 2338 1249 2426; baseline 0.002 -28"><span class='ocrx_word' id='word_1_146' title='bbox 228 2361 243 2396; x_wconf 78' lang='lat' dir='ltr'>u</span> <span class='ocrx_word' id='word_1_147' title='bbox 265 2338 340 2402; x_wconf 86' lang='lat' dir='ltr'>Cdm</span> <span class='ocrx_word' id='word_1_148' title='bbox 355 2340 426 2403; x_wconf 87' lang='lat' dir='ltr'>verd</span> <span class='ocrx_word' id='word_1_149' title='bbox 442 2346 558 2403; x_wconf 86' lang='lat' dir='ltr'>sextum</span> <span class='ocrx_word' id='word_1_150' title='bbox 573 2351 685 2403; x_wconf 87' lang='lat' dir='ltr'>annum</span> <span class='ocrx_word' id='word_1_151' title='bbox 707 2343 850 2420; x_wconf 85' lang='lat' dir='ltr'>attigerit,</span> <span class='ocrx_word' id='word_1_152' title='bbox 867 2341 1002 2402; x_wconf 89' lang='lat' dir='ltr'>mittatur</span> <span class='ocrx_word' id='word_1_153' title='bbox 1021 2340 1051 2426; x_wconf 85' lang='lat' dir='ltr'>in</span> <span class='ocrx_word' id='word_1_154' title='bbox 1072 2338 1175 2400; x_wconf 93' lang='lat' dir='ltr'>ludum</span> <span class='ocrx_word' id='word_1_155' title='bbox 1196 2355 1249 2416; x_wconf 91' lang='lat' dir='ltr'>pu-</span> 
     </span>
     <span class='ocr_line' id='line_1_20' title="bbox 185 2442 1249 2523; baseline -0.003 -17"><span class='ocrx_word' id='word_1_156' title='bbox 185 2442 314 2520; x_wconf 88' lang='lat' dir='ltr'>blicum,</span> <span class='ocrx_word' id='word_1_157' title='bbox 337 2460 404 2523; x_wconf 84' lang='lat' dir='ltr'>quae</span> <span class='ocrx_word' id='word_1_158' title='bbox 415 2460 464 2506; x_wconf 91' lang='lat' dir='ltr'>res</span> <span class='ocrx_word' id='word_1_159' title='bbox 479 2446 738 2509; x_wconf 85' lang='lat' dir='ltr'>conversationem</span> <span class='ocrx_word' id='word_1_160' title='bbox 747 2453 775 2507; x_wconf 91' lang='lat' dir='ltr'>et</span> <span class='ocrx_word' id='word_1_161' title='bbox 791 2445 921 2507; x_wconf 77' lang='lat' dir='ltr'>tamdem</span> <span class='ocrx_word' id='word_1_162' title='bbox 932 2443 1082 2505; x_wconf 89' lang='lat' dir='ltr'>amicitias</span> <span class='ocrx_word' id='word_1_163' title='bbox 1090 2458 1144 2519; x_wconf 92' lang='lat' dir='ltr'>per</span> <span class='ocrx_word' id='word_1_164' title='bbox 1157 2443 1249 2504; x_wconf 89' lang='lat' dir='ltr'>vitam</span> 
     </span>
     <span class='ocr_line' id='line_1_21' title="bbox 188 2533 1248 2627; baseline 0 -18"><span class='ocrx_word' id='word_1_165' title='bbox 188 2533 351 2610; x_wconf 81' lang='lat' dir='ltr'>duraturas</span> <span class='ocrx_word' id='word_1_166' title='bbox 364 2548 475 2625; x_wconf 87' lang='lat' dir='ltr'>praebet</span> <span class='ocrx_word' id='word_1_167' title='bbox 488 2568 496 2626; x_wconf 90' lang='lat'>;</span> <span class='ocrx_word' id='word_1_168' title='bbox 511 2550 590 2612; x_wconf 85' lang='lat' dir='ltr'>vivat</span> <span class='ocrx_word' id='word_1_169' title='bbox 602 2547 706 2626; x_wconf 83' lang='lat' dir='ltr'>parum</span> <span class='ocrx_word' id='word_1_170' title='bbox 719 2550 798 2627; x_wconf 88' lang='lat' dir='ltr'>apud</span> <span class='ocrx_word' id='word_1_171' title='bbox 809 2555 960 2626; x_wconf 69' lang='lat' dir='ltr'>parentes</span> <span class='ocrx_word' id='word_1_172' title='bbox 972 2553 1003 2610; x_wconf 95' lang='lat' dir='ltr'>ut</span> <span class='ocrx_word' id='word_1_173' title='bbox 1019 2548 1115 2609; x_wconf 93' lang='lat' dir='ltr'>discat</span> <span class='ocrx_word' id='word_1_174' title='bbox 1126 2546 1162 2608; x_wconf 90' lang='lat' dir='ltr'>ad</span> <span class='ocrx_word' id='word_1_175' title='bbox 1178 2563 1248 2623; x_wconf 93' lang='lat' dir='ltr'>pro-</span> 
     </span>
     <span class='ocr_line' id='line_1_22' title="bbox 188 2651 1248 2732; baseline 0.001 -20"><span class='ocrx_word' id='word_1_176' title='bbox 188 2653 288 2728; x_wconf 92' lang='lat' dir='ltr'>priam</span> <span class='ocrx_word' id='word_1_177' title='bbox 304 2651 493 2729; x_wconf 80' lang='lat' dir='ltr'>prudentiam</span> <span class='ocrx_word' id='word_1_178' title='bbox 509 2652 669 2732; x_wconf 81' lang='lat' dir='ltr'>resugere;</span> <span class='ocrx_word' id='word_1_179' title='bbox 691 2659 848 2715; x_wconf 88' lang='lat' dir='ltr'>assuescat</span> <span class='ocrx_word' id='word_1_180' title='bbox 862 2653 1024 2727; x_wconf 87' lang='lat' dir='ltr'>exercitiis,</span> <span class='ocrx_word' id='word_1_181' title='bbox 1041 2652 1098 2712; x_wconf 89' lang='lat' dir='ltr'>arti</span> <span class='ocrx_word' id='word_1_182' title='bbox 1114 2651 1248 2726; x_wconf 87' lang='lat' dir='ltr'>musicae,</span> 
     </span>
     <span class='ocr_line' id='line_1_23' title="bbox 190 2755 1249 2835; baseline -0.001 -18"><span class='ocrx_word' id='word_1_183' title='bbox 190 2756 350 2831; x_wconf 84' lang='lat' dir='ltr'>saltatrici,</span> <span class='ocrx_word' id='word_1_184' title='bbox 379 2755 575 2835; x_wconf 81' lang='lat' dir='ltr'>gladiatoriae,</span> <span class='ocrx_word' id='word_1_185' title='bbox 598 2757 793 2833; x_wconf 75' lang='lat' dir='ltr'>jaculatoria,</span> <span class='ocrx_word' id='word_1_186' title='bbox 819 2757 953 2835; x_wconf 88' lang='lat' dir='ltr'>pictoriae</span> <span class='ocrx_word' id='word_1_187' title='bbox 976 2757 1108 2834; x_wconf 84' lang='lat' dir='ltr'>aliisque¹</span> <span class='ocrx_word' id='word_1_188' title='bbox 1132 2757 1162 2816; x_wconf 95' lang='lat' dir='ltr'>in</span> <span class='ocrx_word' id='word_1_189' title='bbox 1189 2756 1249 2817; x_wconf 77' lang='lat' dir='ltr'>viti</span> 
     </span>
     <span class='ocr_line' id='line_1_24' title="bbox 190 2860 1248 2940; baseline 0.003 -20"><span class='ocrx_word' id='word_1_190' title='bbox 190 2860 385 2935; x_wconf 88' lang='lat' dir='ltr'>necessariis,</span> <span class='ocrx_word' id='word_1_191' title='bbox 413 2860 460 2922; x_wconf 88' lang='lat' dir='ltr'>vel</span> <span class='ocrx_word' id='word_1_192' title='bbox 486 2860 616 2936; x_wconf 89' lang='lat' dir='ltr'>decoris,</span> <span class='ocrx_word' id='word_1_193' title='bbox 640 2861 781 2938; x_wconf 91' lang='lat' dir='ltr'>inprimis</span> <span class='ocrx_word' id='word_1_194' title='bbox 801 2861 871 2923; x_wconf 88' lang='lat' dir='ltr'>vcrd</span> <span class='ocrx_word' id='word_1_195' title='bbox 893 2862 1049 2940; x_wconf 83' lang='lat' dir='ltr'>elegantiae</span> <span class='ocrx_word' id='word_1_196' title='bbox 1076 2860 1248 2923; x_wconf 85' lang='lat' dir='ltr'>verborum.</span> 
     </span>
     <span class='ocr_line' id='line_1_25' title="bbox 190 2962 1249 3043; baseline -0.003 -16"><span class='ocrx_word' id='word_1_197' title='bbox 190 2962 324 3027; x_wconf 81' lang='lat' dir='ltr'>Accedat</span> <span class='ocrx_word' id='word_1_198' title='bbox 346 2963 416 3027; x_wconf 87' lang='lat' dir='ltr'>verd</span> <span class='ocrx_word' id='word_1_199' title='bbox 428 2970 457 3026; x_wconf 91' lang='lat' dir='ltr'>ct</span> <span class='ocrx_word' id='word_1_200' title='bbox 472 2965 667 3027; x_wconf 86' lang='lat' dir='ltr'>historiarum</span> <span class='ocrx_word' id='word_1_201' title='bbox 682 2971 815 3028; x_wconf 88' lang='lat' dir='ltr'>veterum</span> <span class='ocrx_word' id='word_1_202' title='bbox 831 2965 992 3043; x_wconf 89' lang='lat' dir='ltr'>specialior</span> <span class='ocrx_word' id='word_1_203' title='bbox 1009 2965 1141 3043; x_wconf 86' lang='lat' dir='ltr'>cognitio</span> <span class='ocrx_word' id='word_1_204' title='bbox 1160 2971 1188 3026; x_wconf 91' lang='lat' dir='ltr'>et</span> <span class='ocrx_word' id='word_1_205' title='bbox 1203 2964 1249 3024; x_wconf 96' lang='lat' dir='ltr'>di-</span> 
     </span>
     <span class='ocr_line' id='line_1_26' title="bbox 168 3068 1248 3147; baseline 0.004 -21"><span class='ocrx_word' id='word_1_206' title='bbox 168 3119 170 3126; x_wconf 93' lang='lat'><em>.</em></span> <span class='ocrx_word' id='word_1_207' title='bbox 192 3068 397 3147; x_wconf 89' lang='lat' dir='ltr'>ligentissima</span> <span class='ocrx_word' id='word_1_208' title='bbox 420 3071 592 3131; x_wconf 83' lang='lat' dir='ltr'>matheseos</span> <span class='ocrx_word' id='word_1_209' title='bbox 614 3085 729 3144; x_wconf 74' lang='lat' dir='ltr'>cura»</span> <span class='ocrx_word' id='word_1_210' title='bbox 754 3085 869 3132; x_wconf 86' lang='lat' dir='ltr'>necnon</span> <span class='ocrx_word' id='word_1_211' title='bbox 889 3076 918 3131; x_wconf 89' lang='lat' dir='ltr'>ct</span> <span class='ocrx_word' id='word_1_212' title='bbox 942 3070 1072 3146; x_wconf 84' lang='lat' dir='ltr'>physicae</span> <span class='ocrx_word' id='word_1_213' title='bbox 1092 3069 1248 3130; x_wconf 89' lang='lat' dir='ltr'>elementa.</span> 
     </span>
     <span class='ocr_line' id='line_1_27' title="bbox 194 3172 1251 3256; baseline 0.007 -29"><span class='ocrx_word' id='word_1_214' title='bbox 194 3172 544 3256; x_wconf 68' lang='lat' dir='ltr'>«addaturexercitium</span> <span class='ocrx_word' id='word_1_215' title='bbox 561 3173 629 3250; x_wconf 86' lang='lat' dir='ltr'>styli</span> <span class='ocrx_word' id='word_1_216' title='bbox 653 3189 714 3242; x_wconf 86' lang='lat' dir='ltr'>non¹</span> <span class='ocrx_word' id='word_1_217' title='bbox 734 3175 842 3235; x_wconf 91' lang='lat' dir='ltr'>litteris</span> <span class='ocrx_word' id='word_1_218' title='bbox 857 3172 984 3248; x_wconf 87' lang='lat' dir='ltr'>tantlrrn,</span> <span class='ocrx_word' id='word_1_219' title='bbox 1002 3172 1054 3236; x_wconf 91' lang='lat' dir='ltr'>sed</span> <span class='ocrx_word' id='word_1_220' title='bbox 1070 3178 1098 3234; x_wconf 89' lang='lat' dir='ltr'>et</span> <span class='ocrx_word' id='word_1_221' title='bbox 1113 3187 1251 3234; x_wconf 87' lang='lat' dir='ltr'>sermone</span> 
     </span>
     <span class='ocr_line' id='line_1_28' title="bbox 194 3276 642 3353; baseline -0.007 -18"><span class='ocrx_word' id='word_1_222' title='bbox 194 3276 357 3353; x_wconf 90' lang='lat' dir='ltr'>etquidem</span> <span class='ocrx_word' id='word_1_223' title='bbox 372 3283 612 3352; x_wconf 86' lang='lat' dir='ltr'>extemporanea.</span> <span class='ocrx_word' id='word_1_224' title='bbox 628 3297 642 3332; x_wconf 74' lang='lat' dir='ltr'>n</span> 
     </span>
    </p>

    <p class='ocr_par' dir='ltr' id='par_1_6' title="bbox 195 3378 1251 3663">
     <span class='ocr_line' id='line_1_29' title="bbox 234 3378 1251 3443; baseline 0.006 -9"><span class='ocrx_word' id='word_1_225' title='bbox 234 3378 477 3442; x_wconf 79' lang='lat' dir='ltr'>«Aduodecimo</span> <span class='ocrx_word' id='word_1_226' title='bbox 489 3380 526 3441; x_wconf 92' lang='lat' dir='ltr'>ad</span> <span class='ocrx_word' id='word_1_227' title='bbox 538 3380 688 3442; x_wconf 90' lang='lat' dir='ltr'>decimum</span> <span class='ocrx_word' id='word_1_228' title='bbox 700 3386 836 3443; x_wconf 86' lang='lat' dir='ltr'>octavum</span> <span class='ocrx_word' id='word_1_229' title='bbox 852 3397 963 3442; x_wconf 88' lang='lat' dir='ltr'>annum</span> <span class='ocrx_word' id='word_1_230' title='bbox 974 3381 1130 3442; x_wconf 84' lang='lat' dir='ltr'>liberalius</span> <span class='ocrx_word' id='word_1_231' title='bbox 1145 3385 1251 3440; x_wconf 90' lang='lat' dir='ltr'>tracte-</span> 
     </span>
     <span class='ocr_line' id='line_1_30' title="bbox 195 3483 1251 3559; baseline 0.003 -18"><span class='ocrx_word' id='word_1_232' title='bbox 195 3486 254 3556; x_wconf 91' lang='lat' dir='ltr'>tur,</span> <span class='ocrx_word' id='word_1_233' title='bbox 265 3483 499 3559; x_wconf 81' lang='lat' dir='ltr'>praeceptoribus</span> <span class='ocrx_word' id='word_1_234' title='bbox 510 3499 568 3545; x_wconf 93' lang='lat' dir='ltr'>non</span> <span class='ocrx_word' id='word_1_235' title='bbox 580 3484 689 3558; x_wconf 85' lang='lat' dir='ltr'>subsit,</span> <span class='ocrx_word' id='word_1_236' title='bbox 703 3484 757 3545; x_wconf 87' lang='lat' dir='ltr'>sed</span> <span class='ocrx_word' id='word_1_237' title='bbox 768 3484 886 3545; x_wconf 89' lang='lat' dir='ltr'>amicis.</span> <span class='ocrx_word' id='word_1_238' title='bbox 902 3507 916 3540; x_wconf 85' lang='grc'>»</span> <span class='ocrx_word' id='word_1_239' title='bbox 934 3487 1016 3546; x_wconf 85' lang='lat' dir='ltr'>Tunc</span> <span class='ocrx_word' id='word_1_240' title='bbox 1031 3484 1127 3544; x_wconf 89' lang='lat' dir='ltr'>discat</span> <span class='ocrx_word' id='word_1_241' title='bbox 1141 3483 1251 3544; x_wconf 82' lang='lat' dir='ltr'>artium</span> 
     </span>
     <span class='ocr_line' id='line_1_31' title="bbox 195 3586 1251 3663; baseline 0 -16"><span class='ocrx_word' id='word_1_242' title='bbox 195 3587 435 3649; x_wconf 86' lang='lat' dir='ltr'>mechanicarum</span> <span class='ocrx_word' id='word_1_243' title='bbox 461 3586 666 3662; x_wconf 84' lang='lat' dir='ltr'>fundamenta,</span> <span class='ocrx_word' id='word_1_244' title='bbox 691 3588 940 3650; x_wconf 86' lang='lat' dir='ltr'>commerciorum</span> <span class='ocrx_word' id='word_1_245' title='bbox 970 3589 1127 3663; x_wconf 91' lang='lat' dir='ltr'>rationem,</span> <span class='ocrx_word' id='word_1_246' title='bbox 1154 3586 1251 3648; x_wconf 89' lang='lat' dir='ltr'>medi-</span> 
     </span>
    </p>
   </div>
   <div class='ocr_carea' id='block_1_3' title="bbox 830 3803 1250 3814">
    <p class='ocr_par' dir='ltr' id='par_1_7' title="bbox 830 3803 1250 3814">
     <span class='ocr_line' id='line_1_32' title="bbox 830 3803 1250 3814; baseline -0.007 -1"><span class='ocrx_word' id='word_1_247' title='bbox 830 3803 1250 3814; x_wconf 74' lang='lat'>————--—-——-—=</span> 
     </span>
    </p>
   </div>
   <div class='ocr_carea' id='block_1_4' title="bbox 231 3903 743 3976">
    <p class='ocr_par' dir='ltr' id='par_1_8' title="bbox 231 3903 743 3976">
     <span class='ocr_line' id='line_1_33' title="bbox 231 3903 743 3976; baseline 0.004 -19"><span class='ocrx_word' id='word_1_248' title='bbox 231 3903 268 3973; x_wconf 85' lang='lat' dir='ltr'>(ll</span> <span class='ocrx_word' id='word_1_249' title='bbox 288 3905 363 3959; x_wconf 85' lang='lat' dir='ltr'>Vide</span> <span class='ocrx_word' id='word_1_250' title='bbox 380 3905 518 3960; x_wconf 86' lang='lat' dir='ltr'>Leibnitii</span> <span class='ocrx_word' id='word_1_251' title='bbox 533 3905 743 3976; x_wconf 85' lang='lat' dir='ltr'>praefationem.</span> 
     </span>
    </p>
   </div>
   <div class='ocr_carea' id='block_1_5' title="bbox 0 0 1523 4824">
    <p class='ocr_par' dir='ltr' id='par_1_9' title="bbox 0 0 1523 4824">
     <span class='ocr_line' id='line_1_34' title="bbox 0 0 1523 4824; baseline 0 0"><span class='ocrx_word' id='word_1_252' title='bbox 0 0 1523 4824; x_wconf 95' lang='lat' dir='ltr'> </span> 
     </span>
    </p>
   </div>
  </div>
 </body>
</html>
