2998 4824
663 373 819 436 „53-

210 557 332 619 ductum
348 555 576 618 extraordinarii
588 562 741 632 appareat,
755 571 814 618 non
830 555 917 618 video
932 570 986 618 cur
999 557 1134 618 extensio
1149 557 1268 620 admitti

210 679 268 724 nou
280 662 399 737 debeat,
412 662 463 723 ubi
477 661 588 723 similis
597 677 687 722 casus
697 662 748 736 sit,
759 661 879 723 etiamsi
892 676 950 722 nou
963 665 1079 722 constet
1087 661 1124 724 de
1135 661 1170 723 ed
1178 662 1270 724 causei

210 783 275 845 quae
291 769 494 846 legislatorem
511 767 604 828 movit
618 766 655 828 ad
671 767 770 845 legem
784 766 938 829 ferendam
954 784 962 844 ;
980 769 1174 845 nequeenim
1190 769 1270 844 ‚ratio

209 873 268 934 alia
283 873 376 934 tutio'r
390 872 516 935 inveniri
537 877 635 949 potest
651 869 739 950 qoam
757 872 783 933 si
799 871 904 950 regula
919 871 971 932 illd
989 877 1109 933 utamur
1124 872 1183 950 qud
1198 888 1271 935 usos

209 983 238 1038 et
252 978 442 1057 legislatores
458 982 486 1037 et
499 976 723 1052 iureconsultos
738 981 856 1038 constat
871 993 877 1038 :
894 977 952 1038 lroc
966 981 1067 1037 autem
1084 977 1113 1037 in
1129 993 1200 1038 casu
1217 993 1272 1039 nec

209 1083 321 1143 utimur
334 1082 432 1144 solum
448 1080 647 1142 similitudine
668 1096 793 1142 casuum
811 1096 865 1142 nec
879 1081 946 1157 jure
963 1082 1090 1143 naturali
1105 1082 1269 1160 dumtaxat,

210 1187 262 1249 sed
276 1187 433 1264 utriusque
448 1187 481 1247 lit
495 1186 690 1249 consociatio.
705 1207 719 1242 a
738 1184 855 1256 Quibus
874 1185 976 1247 verbis
992 1187 1068 1247 nilril
1083 1186 1195 1264 justius
1210 1187 1270 1250 dici

209 1289 1272 1370 potcst;namquclegesadidpraesertiminventaesuntutcertistexti-

208 1395 279 1471 ltus,
298 1411 353 1458 nec
365 1394 426 1472 jam
442 1393 533 1456 duola
549 1395 698 1473 aequitatis
713 1394 790 1469 luco,
810 1409 876 1471 quae
889 1409 947 1456 non
963 1394 1068 1456 eadem
1084 1395 1113 1456 in
1128 1395 1271 1458 omuibus

207 1507 356 1576 versatur,
370 1517 419 1564 res
430 1503 569 1562 humanae
579 1506 765 1580 regerentur.
778 1498 856 1561 Ante
869 1500 961 1578 igitur
972 1499 1061 1577 quam
1077 1500 1114 1561 ad
1124 1501 1174 1579 ius
1186 1510 1270 1564 natu-

209 1607 271 1667 rale
281 1605 429 1681 veniatur,
443 1605 638 1682 quarendum
653 1609 700 1667 est
714 1619 773 1666 non
786 1603 875 1666 modd
887 1604 959 1682 quid
973 1604 1021 1666 lcx
1032 1603 1150 1678 dixerit,
1165 1605 1229 1682 sed,
1244 1607 1270 1668 si

137 1737 139 1742 ·
208 1715 315 1784 taceat,
333 1709 405 1787 quid
420 1709 561 1772 dixisset.

247 1817 286 1878 Ut
306 1814 377 1877 verul
397 1815 524 1876 rationis
550 1812 717 1875 similitudo
740 1828 806 1890 quae
829 1814 906 1875 inter
928 1813 1027 1875 varias
1048 1813 1131 1892 leges
1155 1816 1270 1877 uersari

208 1920 308 1996 possit
323 1923 533 1998 cognoscatur,
551 1933 676 1980 necesse
695 1923 741 1978 cst
755 1915 961 1978 nomotdesia
976 1918 1166 1995 inspiciatur,
1184 1920 1270 1997 cuius

209 2023 392 2100 principium
409 2022 582 2099 reipublicae
597 2021 712 2083 utilitas
728 2027 783 2082 est.
807 2043 821 2076 a
839 2022 985 2084 Consistit
999 2028 1098 2084 autem
1117 2025 1200 2086 salus
1215 2041 1270 2103 po·

210 2128 285 2204 puli,
303 2143 444 2204 suprema
459 2127 633 2204 reipublice
647 2126 704 2200 lex,
720 2127 752 2186 in
765 2126 844 2188 hono
855 2127 991 2203 ipsorum
1005 2128 1115 2190 civium
1127 2127 1270 2206 tanquam

210 2233 354 2306 materiae,
371 2237 400 2292 et
410 2232 636 2292 conservatione
644 2231 813 2309 regiminis,
827 2236 967 2308 tanquam
984 2232 1137 2294 somne...
1152 2233 1270 2294 Bonum

184 2335 369 2412 ‚regiminis
394 2335 533 2395 consistit
555 2335 585 2394 in
606 2335 673 2412 jure
696 2333 818 2412 publico
839 2340 868 2395 et
890 2335 941 2396 tali
960 2341 1126 2401 ceterarum
1152 2351 1271 2416 quoque

210 2439 312 2517 legum
325 2438 514 2513 formatione,
528 2445 559 2500 ut
575 2439 700 2501 mutatio
716 2445 928 2516 praecaveatur.
944 2440 1062 2501 Bonum
1077 2441 1270 2503 civiumeou-

211 2543 293 2604 sistit
305 2543 335 2603 in
351 2547 494 2622 ἐυδαιμονίᾳ
504 2549 533 2604 et
544 2553 690 2624 ἀυταρκείᾳ,
707 2559 760 2606 seu
776 2543 864 2606 bonis
877 2545 969 2604 animi
983 2550 1012 2606 et
1026 2545 1164 2621 iortunae,
1177 2561 1271 2623 quan-

210 2663 299 2725 quam
326 2653 447 2726 egestas
463 2649 601 2710 homines
628 2664 687 2710 non
704 2647 803 2711 solium
821 2649 978 2724 ridiculos,
995 2654 1027 2710 ut
1041 2650 1083 2710 ait
1099 2657 1197 2727 poeta,
1216 2651 1270 2713 sed

209 2759 238 2814 et
253 2752 410 2830 improbos
426 2751 507 2813 iacit.
528 2751 575 2813 Ad
597 2757 754 2832 aucupum
770 2769 824 2815 seu
840 2755 980 2815 virtutem
1000 2755 1150 2831 pertinent
1164 2770 1270 2818 omnes

210 2856 415 2919 ordinationes
433 2855 572 2932 politieae,
595 2855 734 2933 inprimis
754 2857 864 2934 quihus
885 2858 1020 2920 educatio
1038 2865 1067 2919 et
1083 2861 1270 2922 conversatio

210 2969 352 3040 tanquam
362 2961 668 3038 principiamalorum
678 2967 706 3022 et
716 2961 864 3025 honorum
871 2962 1183 3040 morumlormantur;
1198 2965 1269 3026 item

209 3067 332 3142 praemia
346 3066 519 3141 virtutihus,
537 3082 633 3143 poenae
647 3067 740 3128 vitiis.
756 3067 802 3129 Ad
818 3069 965 3148 ἀυταρκεὶαν
981 3069 1128 3146 pertinent
1139 3070 1222 3148 leges
1232 3069 1270 3132 de

209 3171 412 3247 commerciis,
449 3170 677 3247 manufacturis,
706 3173 911 3248 sumptuariae,
947 3179 1004 3234 etc.
1035 3173 1081 3236 Ad
1111 3181 1269 3252 utramque

210 3275 300 3335 simul
313 3276 461 3352 pertinent
476 3276 558 3354 leges
574 3290 640 3354 quae
651 3275 701 3351 ius
713 3276 860 3354 privatum
875 3283 903 3338 et
911 3276 1024 3354 iudicia
1036 3278 1165 3340 formant
1178 3299 1186 3356 ;
1199 3296 1268 3342 nam

144 3399 149 3416 r
210 3379 237 3438 si
253 3379 437 3457 cuilibetjus
454 3396 543 3441 suum
558 3379 711 3457 tribuitur,
730 3381 877 3442 evitantur
892 3388 1014 3459 peccata
1033 3384 1225 3446 retinentium
1240 3392 1268 3447 ot

210 3488 370 3560 paupertas
386 3485 598 3568 emittentium.
616 3484 721 3546 Danda
733 3491 832 3546 autem
847 3501 939 3564 opera
953 3502 1013 3548 non
1030 3490 1128 3550 solum
1140 3491 1268 3551 utcuili-

209 3587 259 3648 bet
270 3587 320 3662 jus
337 3604 425 3650 suum
438 3589 597 3664 tribuatur,
611 3589 665 3650 sed
677 3594 706 3651 et
720 3589 791 3652 citd.
807 3611 821 3646 »

249 3692 319 3753 llaec
334 3691 455 3769 quidem
468 3695 543 3754 satis
558 3693 666 3769 liabeo,
683 3694 709 3755 si
726 3694 755 3754 in
772 3694 925 3772 publicum
939 3695 1068 3771 juridico
1084 3697 1195 3759 cortice
1211 3714 1267 3759 nu·

208 3794 276 3856 data
291 3796 435 3874 prodcm;
452 3813 559 3882 nempe
575 3796 664 3876 quium
682 3799 795 3876 optima
810 3805 898 3876 atque
920 3801 1119 3878 sagacissima
1139 3803 1199 3864 sint
1215 3818 1268 3866 nc·

209 3900 321 3962 minem
337 3901 424 3980 fugit.
