2998 4824
629 381 786 442 ,39-

178 571 243 634 quae
252 556 332 634 apud
346 558 511 626 Germanos
525 563 684 637 praevalere
696 562 813 624 videtur
824 576 949 640 queque
962 560 1093 640 primdm
1107 579 1231 630 rernm,

177 660 247 722 dein
272 659 519 742 obtipotc'onom,
547 663 652 742 postea
676 664 823 744 scandice,
848 666 977 745 deniqne
998 665 1237 728 successionum

175 765 242 842 jura
255 767 290 842 (tt
308 769 506 846 recognoscit,
522 769 614 831 velati
630 785 666 831 ex
681 770 757 848 ipsis
773 777 885 833 naturae
900 773 1105 848 penetralibus
1120 777 1236 835 extrac-
1324 835 1326 840 .

178 875 238 931 tam
250 876 410 949 antepono,
424 873 451 934 si
466 870 555 936 modd
570 874 607 935 de
623 890 699 936 novo
711 874 841 952 quodam
850 876 916 952 jure
928 883 1045 955 agatur.
1061 877 1198 955 Namque
1210 877 1236 938 si

177 975 365 1037 iustinianea
376 976 615 1054 jurisprudentia
631 978 853 1056 interpretanda
871 981 921 1055 sit,
945 981 1042 1058 ipsius
1063 982 1237 1043 methodum

178 1079 264 1156 sequi
280 1081 374 1142 tutius
386 1083 537 1144 existimo.

215 1183 385 1262 Antequam
402 1185 439 1248 de
455 1186 511 1248 bae
526 1187 666 1249 Leibnitii
682 1189 841 1265 partitione
859 1194 986 1264 taceam,
1003 1203 1127 1252 necesse
1141 1189 1237 1252 babeo

177 1287 313 1365 quaedam
329 1288 427 1352 adbuc
441 1289 478 1351 de
493 1292 686 1354 successione
698 1292 837 1369 adjicere.

219 1414 234 1449 «
251 1392 422 1456 Succedunt
436 1400 534 1456 antem
547 1395 584 1457 ab
601 1397 753 1471 intestato,
767 1397 808 1457 ait
818 1397 998 1472 Leibnitius,
1013 1397 1167 1474 merojnre
1179 1398 1238 1461 soli

178 1498 395 1561 descendentes
411 1499 441 1560 in
457 1500 579 1576 stirpes,
597 1500 651 1561 sed
663 1498 704 1561 ita
719 1501 749 1561 in
764 1515 799 1562 ea
809 1499 924 1562 tantbm
936 1501 1014 1563 bona
1026 1517 1092 1579 quae
1104 1503 1237 1578 parentis

179 1608 273 1672 erant,
299 1601 369 1665 edm
392 1609 596 1678 nascerentur,
621 1604 691 1680 quia
712 1604 813 1666 anima
835 1619 938 1666 eorum
961 1619 1014 1681 per
1029 1604 1182 1667 traducem
1202 1620 1239 1666 ex

179 1706 279 1767 anima
295 1707 428 1784 parentis
444 1712 508 1769 orta
523 1713 569 1768 est
582 1702 589 1770 ἑ
606 1714 773 1770 ceterorum
790 1709 944 1770 successio
959 1708 997 1769 ab
1012 1708 1153 1770 intestato
1168 1723 1237 1786 per·

179 1811 251 1872 tinet
266 1811 304 1871 ad
319 1810 430 1872 sontem
448 1817 613 1888 pactorum,
636 1812 706 1888 quia
722 1826 758 1873 ex
774 1811 841 1890 lege
858 1811 1025 1874 descendit.
1046 1814 1238 1874 Testamenta

178 1915 248 1978 verb
268 1930 351 1977 mero
367 1915 434 1991 iure
450 1915 563 1976 nullius
583 1922 684 1977 essent
704 1916 859 1991 momenti,
881 1916 940 1978 nisi
960 1917 1061 1978 anima
1079 1923 1160 1979 esset
1180 1917 1238 1979 im·

178 2020 326 2082 mortalis.
350 2019 409 2080 Sed
430 2019 500 2097 quia
519 2019 629 2082 mortui
648 2018 752 2081 revera
767 2019 864 2081 adhuc
888 2021 1002 2095 vivunt,
1025 2020 1091 2082 ided
1116 2027 1239 2082 manent

179 2123 293 2186 domini
309 2138 427 2199 rerum;
444 2139 520 2200 quos
534 2123 606 2186 verb
620 2124 747 2186 heredes
761 2125 947 2202 reliquerunt
961 2123 1152 2201 concipiendi
1168 2130 1239 2187 sunt

179 2235 210 2290 ut
223 2233 433 2305 procuratores
446 2228 476 2288 in
493 2243 556 2290 rem
572 2244 669 2290 suam.
688 2249 703 2285 a

219 2332 425 2409 bsequium
441 2332 542 2408 opinio
558 2331 574 2394 a
590 2332 731 2394 Leibnitii
752 2331 966 2409 interpretibus
980 2331 1171 2392 vehementer
1186 2347 1239 2409 op·

180 2442 311 2515 pugnata
326 2441 382 2498 est.
397 2432 414 2491 's
431 2435 632 2507 Quamobrem
645 2451 775 2514 quoqne,
792 2436 834 2497 ait
851 2435 1048 2515 Wotptesti),
1062 2451 1121 2497 non
1133 2435 1238 2499 dubito

180 2541 363 2603 Leibnitinm
382 2546 467 2602 aetate
489 2541 646 2602 maturiori
665 2538 790 2601 minime
812 2540 957 2617 probasse
976 2541 1123 2602 rationem
1147 2555 1238 2617 quam

215 2783 250 2855 (i)
271 2786 305 2838 F.
325 2783 356 2838 C.
372 2801 425 2837 eoo
436 2785 571 2854 Saeipny.
590 2785 705 2854 System
718 2784 769 2836 des
778 2783 919 2853 heutigen
927 2781 1107 2835 Romischen
1117 2781 1236 2843 Rechts

180 2868 204 2930 Ι,
256 2865 299 2920 58.

216 2867 305 3002 §Ans
318 2951 420 3003 diesen
435 2948 670 3018 Betrachtungen
688 2946 801 3017 ergiebt
819 2947 883 2999 sich
901 2946 1038 3017 folgende
1057 2945 1239 3016 Anordnung

181 3033 232 3086 der
252 3032 504 3094 Rechtsinstitute‚
537 3030 585 3084 die
606 3029 656 3082 ich
672 3029 715 3082 als
733 3029 780 3082 die
799 3029 959 3083 einfachste
978 3030 1038 3082 und
1062 3028 1238 3082 zweckmes-

181 3114 270 3185 sigste
281 3114 394 3167 meine'r
408 3112 672 3182 Derstellungzum
688 3112 789 3167 Grund
797 3111 885 3182 legen
893 3112 1006 3164 werde:

217 3195 424 3258 Sachenrecht‚

215 3276 513 3348 obligationenrecht,

215 3359 451 3424 Familienrecht‚

215 3443 365 3496 Eebreeht.

218 3566 320 3578 ......
342 3525 397 3578 Die
412 3525 477 3579 hier
486 3525 642 3579 versuchte
660 3520 967 3594 Zusammenstellung
980 3526 1033 3576 der
1047 3517 1239 3576 Rechtsinsti·

180 3615 240 3662 tute
250 3608 289 3660 ist
299 3608 461 3678 gegrr‘indet
476 3608 528 3660 auf
540 3609 591 3660 des
605 3608 735 3660 innerste
751 3609 862 3664 Wesen
878 3605 1041 3669 derselben,
1054 3604 1180 3657 namlich
1190 3603 1242 3656 auf

180 3691 265 3744 ihren
275 3690 469 3761 organischen
484 3690 738 3761 Zusammenheng
751 3690 805 3744 mit
815 3690 881 3744 dem
892 3691 1004 3746 Wesen
1014 3689 1066 3742 des
1078 3687 1239 3742 Menschen

181 3773 281 3836 selbst‚
297 3772 439 3826 welchem
455 3772 498 3825 sie
513 3773 671 3825 inhariren.
690 3793 704 3821 s

217 3867 252 3937 [2]
272 3867 359 3938 Apud
374 3869 487 3931 Doteos,
504 3869 543 3921 IV
554 3866 590 3930 3⁰,
606 3887 634 3938 p.
648 3866 707 3919 161.
