2998 4824
701 423 857 487 ..30-

249 622 358 684 eorpus
376 621 431 667 sun
455 605 629 680 ullinebant‚
652 606 724 682 quin
747 605 808 667 imd
827 605 964 667 videntur
988 618 1042 681 pro
1061 609 1141 667 certo
1160 603 1307 666 habuisse

248 711 388 773 methodo
409 711 509 788 legum
530 725 649 786 semper
667 725 736 771 esse
755 710 910 785 utendum,
926 711 1012 788 quasi
1026 726 1068 771 ete
1083 714 1112 770 et
1127 709 1158 769 in
1173 708 1306 786 logicam

248 820 420 876 exercerent
434 815 604 891 imperium.
624 836 638 870 »

287 919 417 980 istorum
434 935 553 982 servum
569 934 661 995 pocus
677 919 845 980 Leibnitius
860 933 919 981 non
942 919 1096 996 sequitur;
1116 913 1219 978 verum
1238 929 1307 992 quoe

248 1021 278 1082 in
294 1022 538 1084 institutionibus
553 1023 612 1085 sibi
628 1022 871 1100 reprehendenda
887 1037 956 1084 esse
969 1021 1127 1084 videantur
1142 1017 1236 1080 liuere
1250 1033 1305 1079 ex-

248 1128 368 1204 promit.
388 1126 547 1189 «Primdm
564 1129 594 1189 in
610 1127 676 1205 ipsd
691 1128 831 1190 methodo
845 1126 1034 1190 lustininned
1048 1126 1134 1187 labor
1148 1123 1257 1185 crescit
1273 1123 1304 1182 in

247 1227 1305 1309 duplumddmuliaestinstitutionum,alialiigestorumCodicisque

248 1334 417 1398 methodus.
432 1356 446 1390 »
462 1336 565 1412 ipsum
577 1335 647 1398 verd
659 1336 885 1397 Institutionum
896 1335 1031 1398 ordinem
1044 1333 1160 1412 rejicit:
1177 1333 1208 1394 1⁰
1220 1331 1303 1409 quie,

247 1435 314 1500 cun
330 1439 463 1501 actiones
476 1437 536 1500 idm
551 1454 586 1500 ex
595 1439 661 1516 jnre
676 1454 872 1516 personarum
886 1437 977 1516 quum
992 1454 1092 1501 rerum
1108 1438 1302 1512 descendant,

247 1542 344 1620 capite
358 1543 417 1605 alio
432 1549 521 1621 etque
536 1558 585 1605 res
600 1550 629 1605 et
644 1559 780 1620 personne
793 1544 939 1606 contineri
955 1550 1106 1622 nequeunt
1119 1563 1127 1620 ;
1143 1545 1175 1606 2⁰
1189 1543 1259 1621 quia
1274 1549 1305 1604 et
1329 1574 1332 1578 >

248 1647 322 1724 ipsae
333 1663 480 1724 personne,
496 1648 579 1709 verbi
599 1647 696 1727 gretie
709 1649 788 1711 servi
803 1663 838 1709 uo
854 1648 907 1710 lilii
924 1647 1067 1724 familiis,
1084 1647 1233 1709 interdum
1248 1662 1304 1724 pro

248 1752 339 1814 rebus
354 1751 521 1828 uehentum
537 1751 690 1828 postremo
702 1752 773 1829 quia
783 1753 847 1813 heee
859 1751 1019 1814 methodus
1035 1768 1093 1815 non
1106 1767 1141 1814 ex
1149 1752 1238 1829 iuris,
1249 1751 1305 1813 sed

247 1869 283 1916 en
298 1855 366 1916 laeti
378 1855 546 1917 visceribus
562 1861 682 1932 sumpta
696 1860 753 1918 est.
765 1855 876 1934 Adjicit
890 1857 967 1918 lranc
981 1856 1126 1919 hodierno
1141 1871 1202 1919 aevo
1215 1854 1305 1934 plane

248 1974 306 2020 non
319 1959 573 2022 accommodatam
589 1973 669 2034 esse,
686 1961 797 2038 quippe
812 1961 954 2039 quaejura
968 1960 1174 2024 ecclesiastica
1187 1975 1222 2022 ae
1237 1959 1305 2021 leu-

247 2064 327 2125 dulia
342 2064 469 2126 omittat.
948 2117 951 2124 ,

287 2169 480 2246 Digestorum
492 2168 563 2231 vend
581 2184 616 2230 ne
629 2168 750 2233 Codicis
769 2169 905 2232 ordinem
924 2171 959 2248 (l)
977 2169 1091 2233 tantum
1108 2171 1144 2232 ad
1156 2169 1303 2232 hodierna

248 2271 391 2349 quantum
407 2289 461 2334 sus
476 2272 513 2334 ad
527 2273 691 2336 Minervam
706 2275 855 2351 pertinere
873 2276 925 2337 ait.
942 2274 1028 2346 Quod
1048 2289 1235 2353 nequaquam
1251 2289 1303 2334 se-

247 2378 348 2440 verius
363 2392 431 2440 esse
442 2377 570 2453 videtur,
586 2377 654 2440 edm
672 2379 736 2457 ipse
748 2380 936 2442 iustinienus
956 2380 1123 2441 Pandeotas
1140 2380 1171 2440 in
1186 2383 1302 2456 septem

248 2486 348 2559 partes
367 2481 510 2544 divisisse
526 2482 662 2557 latentur,
683 2489 716 2544 ut
732 2483 911 2548 divisionem
933 2499 1125 2546 numerorum
1145 2489 1257 2545 namne
1272 2489 1302 2544 et

248 2587 304 2649 arti
319 2593 551 2648 consentaneum
565 2585 724 2648 coniceret
736 2588 783 2663 (l).

286 2691 356 2751 Haeo
368 2689 489 2766 quidem
498 2689 655 2766 exprobris
666 2691 752 2767 ouius
761 2693 904 2753 momenti
916 2692 1234 2754 sintnuncvidendum
1243 2696 1302 2753 est.

249 2792 398 2866 Quantum
413 2793 450 2854 ed
465 2794 598 2855 actiones
611 2800 736 2871 spectet,
753 2802 867 2857 eertum
882 2802 928 2858 est
943 2811 994 2858 eos
1010 2795 1159 2873 semperd
1174 2796 1305 2873 personui

247 2904 277 2961 et
294 2899 469 2976 plerumque
489 2898 527 2961 ob
549 2912 612 2959 rem
628 2901 771 2974 exemeri,
792 2901 909 2977 (nempe
930 2895 1066 2977 personne
1084 2901 1121 2962 de
1140 2901 1230 2962 rebus
1250 2916 1306 2977 per

248 3004 381 3065 notiones
397 3002 516 3080 litigare
531 3002 638 3072 solent,
661 3001 700 3063 ild
716 3009 746 3063 ut
767 3020 962 3080 personarum
978 3005 1044 3082 iure
1061 3003 1148 3082 plane
1167 3005 1304 3081 exposito

248 3107 322 3168 nihil
339 3105 400 3183 jum
419 3107 550 3182 emplius
572 3107 778 3183 exponendum
799 3109 846 3185 sit)
865 3109 923 3186 (3);
944 3125 992 3170 res
1013 3109 1082 3172 verd
1101 3124 1136 3170 ae
1155 3123 1303 3186 personas

283 3429 318 3500 (1)
338 3428 465 3482 Bluhme.
487 3428 542 3482 Die
563 3429 704 3501 Ordnung
719 3432 771 3484 der
785 3433 955 3502 Fragmente
974 3431 1005 3483 in
1020 3431 1077 3484 den
1097 3430 1305 3485 Pendektenli-

247 3512 317 3566 teln.
1263 3510 1268 3518 ’

283 3607 317 3679 (2)
338 3607 419 3672 dou,
437 3610 469 3662 L.
485 3608 511 3671 2,
528 3610 563 3663 de
579 3609 671 3663 veteri
682 3609 748 3681 jure
765 3608 956 3664 enucleando.

283 3701 318 3773 (3)
338 3703 489 3758 Blondeau.
510 3705 610 3758 Essais
631 3723 681 3757 sur
700 3705 845 3775 quelques
864 3706 960 3777 points
980 3707 1015 3760 de
1035 3706 1203 3778 legislation
1222 3713 1250 3760 et
1266 3708 1304 3761 de

244 3785 481 3857 jurisprudence,
495 3806 523 3858 p.
535 3787 577 3842 57.
586 3787 638 3858 (De
648 3787 677 3839 la
687 3786 812 3841 reformo
822 3789 874 3842 des
882 3788 1106 3843 elassifieations
1112 3789 1303 3862 juridiques).

282 3888 297 3918 ‹<
311 3870 351 3922 Le
369 3869 445 3922 droit
458 3869 540 3942 prive
560 3871 605 3922 n'a
618 3868 842 3924 veriteblemeut
861 3873 951 3942 qu'un
970 3871 1035 3926 seul
1054 3871 1156 3944 objet:
1186 3888 1219 3925 ce
1236 3879 1306 3925 sont

245 3949 290 4003 les
303 3951 442 4005 droitsou
463 3951 638 4023 obligations
658 3953 710 4006 des
731 3953 850 4024 simples
869 3955 1065 4025 perticuliers.
1087 3955 1141 4010 Ces
1155 3954 1246 4008 droiis
1263 3971 1304 4008 ou
