2998 4824
729 396 886 458 40..

278 583 319 654 et,
345 584 378 639 ut
405 565 448 639 it'a
474 575 585 652 dicam,
612 576 689 654 juris
714 582 827 639 naturae
854 575 1056 639 attentissime
1081 577 1224 640 studeret.
1254 579 1332 642 ilinc

278 679 523 743 Observationes
541 679 579 740 de
595 678 765 760 principio
778 678 879 759 juris,
901 695 1016 745 necnon
1035 679 1167 742 Monito
1182 680 1332 762 quodam

276 782 320 845 od
337 782 373 845 S.
394 781 617 863 Puffcrrdorstt'
630 781 811 863 principia,
830 784 997 861 inquibus,
1018 782 1141 846 sensnm
1160 784 1248 862 quasi
1263 799 1331 848 evo-

276 889 354 963 lans,
377 888 444 963 Doi,
467 888 572 950 ethicae
595 892 684 965 atque
702 888 780 964 juris
807 887 1000 951 fundamenta
1021 888 1142 965 penitus
1164 887 1328 967 indagavit.

315 993 370 1054 'lot
387 997 416 1054 et
433 996 513 1053 tanta
535 1005 636 1068 opera,
657 1007 723 1069 quac
737 991 954 1069 quasi'ludicrd
972 998 1001 1054 et
1015 992 1112 1054 obiter
1130 989 1168 1053 de
1180 991 1246 1068 iure
1264 991 1330 1054 edi-

275 1095 330 1170 dit,
352 1096 427 1157 satis
444 1094 482 1156 ad
504 1095 637 1172 cujusvis
657 1096 703 1158 vel
725 1096 828 1158 eximii
849 1095 1016 1174 jurisperiti
1035 1097 1125 1157 vitam
1146 1095 1330 1172 implendam

275 1203 364 1275 alque
386 1198 594 1261 illustrandam
617 1200 750 1262 valerent
770 1199 819 1275 tl).

314 1301 387 1373 Quae
414 1301 507 1380 qudnr
533 1301 709 1379 tutassent,
735 1302 917 1380 quidnobis
939 1304 1041 1380 legum
1063 1301 1248 1364 amatoribus
1269 1317 1329 1364 non

275 1406 457 1484 sperandum
482 1407 600 1483 luisset,
622 1408 648 1469 si
673 1407 787 1469 nullam
810 1406 956 1468 aliamad
977 1403 1149 1484 remquam
1174 1404 1212 1467 ad
1233 1405 1330 1483 iuris-

274 1509 464 1587 prudentiam
481 1512 593 1573 surnmi
614 1511 707 1573 animi
724 1512 805 1574 vires
823 1510 1024 1586 adhibuisset,
1045 1510 1071 1572 si
1087 1508 1210 1572 omninb
1227 1515 1330 1572 noster

274 1615 448 1677 mansisset.
473 1615 626 1677 Habemus
655 1621 754 1677 tamen
780 1613 860 1678 unde
884 1629 944 1676 nnn
968 1613 1051 1676 nulla
1075 1613 1182 1676 solatia
1206 1613 1328 1675 bauria·

273 1733 366 1781 mus:
396 1719 507 1780 etenim
532 1717 595 1780 tium
625 1717 705 1797 quod
729 1719 890 1780 amisimus
918 1717 1119 1795 philosophie
1146 1715 1330 1795 magnopere

273 1823 409 1900 proluit;
429 1820 492 1884 tdm
512 1839 577 1901 quae
596 1822 724 1902 vestigia
739 1821 788 1884 sui
806 1821 895 1886 nobis
914 1820 1083 1882 Leibnitius
1100 1821 1223 1883 tradidit
1243 1821 1328 1886 nullo

272 1926 362 1989 modo
384 1925 577 2003 despicienda
600 1933 681 1989 sunt.

312 2031 383 2092 llaec
406 2028 478 2092 verti
506 2030 618 2106 omnia,
645 2029 756 2108 quibus
783 2029 959 2109 gravissimi
982 2028 1191 2106 iurisconsulti
1218 2043 1327 2092 nomen

271 2134 439 2196 leibnitius
460 2132 587 2210 adeptus
614 2138 672 2208 est,
703 2134 734 2194 in
761 2133 861 2195 lucem
888 2132 1047 2195 restituere
1071 2133 1145 2194 mibi
1174 2148 1271 2212 neque
1296 2133 1327 2196 in

271 2237 383 2312 auimo,
410 2252 506 2314 neque
531 2237 561 2297 in
586 2241 726 2314 promptu
749 2251 818 2299 esse
843 2242 965 2314 potest;
991 2237 1102 2315 quippe
1126 2237 1190 2315 qui,
1213 2237 1240 2300 si
1264 2236 1327 2300 tbm

271 2345 440 2418 porrectum
455 2340 638 2428 curriculum
659 2339 771 2402 temere
791 2340 975 2420 ingrederer,
996 2345 1048 2402 aut
1067 2339 1207 2402 defessus
1226 2339 1326 2403 media

270 2445 301 2505 in
328 2443 378 2507 uid
403 2449 514 2507 starem
535 2449 586 2506 aut
608 2443 702 2506 nimia
721 2460 791 2506 eum
811 2445 962 2507 celeritate
987 2443 1147 2520 procedere
1172 2444 1324 2506 deberem.
1441 2489 1444 2496 .
1481 2459 1482 2500 t

269 2549 401 2611 Necesse
417 2549 510 2626 igitur
527 2546 619 2608 habui
639 2545 803 2625 quidquam
818 2561 854 2609 ex
865 2547 1004 2623 juridicis
1022 2546 1164 2609 Leibnitii
1183 2546 1326 2625 operibus

269 2645 439 2728 excerpere.
644 2725 645 2728 Ἴ

309 2754 387 2826 Quid
409 2753 480 2816 verb
502 2753 600 2832 magis
621 2753 696 2816 mibi
721 2752 893 2833 eligendum
913 2759 977 2816 erat
996 2750 1085 2831 quam
1105 2752 1158 2814 illa
1177 2751 1327 2814 docenda.

268 2856 487 2939 discendoque
507 2854 782 2937 jurisprudentiae
808 2873 895 2918 novo
922 2854 1092 2918 methodus
1118 2857 1183 2933 tbi?
1210 2854 1325 2935 Nempe

268 2963 333 3038 illa,
352 2962 491 3046 quamvis
512 2961 674 3024 admodum
691 2961 822 3038 iuvenis,
844 2960 929 3024 vixd
952 2962 1065 3024 scholis
1086 2975 1240 3040 egressus,
1255 2961 1325 3022 Lei-

269 3065 384 3127 buitius
404 3080 470 3128 eam
488 3065 655 3143 scripserit,
674 3080 733 3129 non
754 3066 870 3146 exigua
890 3065 1076 3129 auctoritatis
1096 3078 1165 3128 esse
1186 3063 1322 3141 uidetur;
1415 3133 1417 3137 ,
1479 3059 1480 3062 ’

302 3453 338 3526 (lt
358 3455 401 3508 De
414 3453 481 3525 jure
496 3407 574 3526 spond
588 3454 775 3518 Leibnitinm,
791 3455 859 3508 vide
876 3455 910 3509 G.
928 3455 962 3520 G.
972 3453 1111 3508 Leibnitii
1124 3471 1245 3526 operum
1258 3471 1322 3508 om-

265 3537 348 3590 nium
364 3536 462 3590 studio
477 3536 607 3590 mbulet
620 3537 878 3590 Dotenseditorum
888 3536 958 3593 tomi
970 3537 1063 3606 quarti
1071 3543 1182 3608 partem
1190 3535 1320 3600 tertiam

266 3619 302 3674 de
318 3619 410 3672 nostri
423 3618 492 3682 vita,
507 3619 662 3674 Leibnitz’s
678 3619 853 3690 Biographie
868 3637 927 3672 von
942 3619 1100 3673 Garbrooer.

303 3740 338 3811 (ᾖ)
358 3740 445 3813 Apud
459 3743 573 3803 Deteret,
585 3747 605 3793 t.
622 3741 671 3794 lv.
688 3758 716 3811 p.
730 3741 783 3804 III,
796 3738 857 3793 169.
872 3741 936 3795 Hoc
952 3757 1025 3812 opus
1038 3740 1214 3794 antecedunt
1229 3739 1323 3793 Chris-

268 3823 342 3876 tiani
354 3821 386 3875 de
403 3823 482 3893 Wolf
489 3821 641 3894 praefatio3
662 3839 696 3874 ac
709 3822 889 3892 Mogontinae
904 3822 983 3875 sedis
1003 3821 1223 3894 archiepiscopo
1239 3822 1323 3875 dedi-

265 3903 352 3970 catio,
370 3911 457 3974 atque
472 3903 566 3976 ipsius
582 3903 721 3960 Leibnitii
733 3903 769 3956 ad
784 3903 924 3958 lectorem
937 3903 1077 3976 praefatio.
