2998 4824
656 387 813 485 ff-sr-

203 569 361 648 prudcntiu
376 569 466 650 qudru
480 538 568 632 dolus
579 576 608 632 et
620 558 755 646 malitie;
771 571 842 632 item
850 569 1079 632 utindrnrentur
1089 572 1260 630 contractus

204 676 332 740 subtiles
353 683 381 738 et
404 677 616 738 circumventis
641 675 846 736 subveniatur.
867 676 910 736 De
930 678 1029 735 cetero
1045 672 1095 749 ius
1122 673 1260 734 strictum

203 781 357 843 observari
373 781 439 857 ipsa
454 781 579 858 nequitus
591 779 686 856 jubet.
704 801 718 836 s
735 779 806 840 Haec
820 779 921 841 omnin
937 777 988 839 illo
1004 782 1152 855 precepto
1164 775 1260 838 conti-

203 890 330 948 nentur:
349 901 437 946 suurn
453 886 562 962 cuique
574 884 716 946 tribuere.

245 1011 259 1045 ‹
277 989 493 1066 TertiumJ'uris
505 990 687 1067 principium
699 994 744 1050 est
756 990 895 1051 voluutas
903 987 1069 1066 superioris
1083 987 1130 1062 (i).
1150 985 1187 1047 Et
1203 983 1262 1048 hdo

149 1095 151 1099 ’
203 1111 270 1172 quse
287 1096 510 1172 Trasymechus
529 1093 608 1172 apud
620 1094 775 1156 Platonem
795 1091 886 1171 supri
903 1091 1021 1154 dicebat
1038 1109 1045 1154 :
1061 1091 1174 1168 justum
1193 1104 1262 1150 esse

203 1200 362 1284 potentiori
378 1201 462 1261 utile.
483 1199 628 1276 Superior
648 1205 747 1260 uutenr
767 1203 814 1259 est
832 1198 877 1260 vel
895 1195 1000 1258 neturd
1017 1199 1119 1272 Deus3
1136 1195 1261 1273 ejusque

202 1305 340 1366 rroiuntas
356 1302 463 1366 iterium
479 1311 525 1368 est
542 1306 588 1366 vel
608 1304 765 1378 naturalis,
778 1303 848 1364 hinc
863 1303 970 1380 pietus,
987 1302 1034 1364 rei
1050 1302 1109 1376 lex,
1126 1301 1198 1362 hinc
1209 1301 1261 1378 jus

202 1409 338 1471 divinum
354 1410 535 1488 positivum3
555 1410 601 1471 vel
618 1409 756 1486 superior
774 1412 820 1470 est
837 1412 934 1486 pacto,
954 1412 987 1468 ut
1002 1407 1103 1481 homo,
1124 1405 1194 1466 hinc
1210 1405 1262 1482 jus

201 1514 302 1576 civile.

241 1616 351 1678 Pietas
364 1619 455 1697 igitur
469 1618 575 1680 tertius
587 1624 634 1680 cst
644 1617 756 1697 gradus
767 1616 844 1695 juris
854 1622 965 1680 nature
977 1615 1140 1694 tribuitque
1151 1616 1261 1680 ceteris

201 1721 414 1799 perfectionem
430 1728 460 1784 et
473 1722 621 1785 effectum.
635 1721 711 1785 Nem
723 1725 815 1797 Deus,
829 1723 900 1800 quia
915 1722 1083 1785 omniscius
1096 1727 1125 1783 et
1137 1720 1260 1798 sepiens

200 1833 258 1902 est,
272 1827 322 1904 jus
338 1842 454 1889 merum
470 1834 498 1889 et
513 1828 684 1905 equitatem
702 1827 875 1904 coufirmut;
889 1827 959 1904 quie
974 1811 1176 1902 omnipotens,
1190 1840 1260 1888 exc-

201 1931 313 2009 quitur.
330 1933 407 1994 Hinc
418 1932 560 1994 coincidit
575 1933 689 1993 utilitas
701 1933 821 2011 generis
833 1933 969 2005 humani,
980 1930 1138 1992 imddeeor
1148 1936 1177 1992 et
1187 1931 1259 1992 lier-

173 2028 175 2032 ’
199 2037 302 2098 monia
317 2037 433 2112 mundi,
449 2052 518 2099 cum
532 2037 682 2099 voluntate
697 2036 848 2100 divine...
863 2036 998 2113 Cumque
1011 2035 1061 2112 ius
1077 2035 1215 2096 strictum
1230 2041 1259 2098 et

200 2141 326 2218 equites
341 2147 441 2202 careat
454 2141 574 2204 vinculo
594 2141 730 2219 physico,
749 2141 830 2203 Deus
842 2140 988 2202 accedens
1007 2139 1107 2215 efficit,
1123 2144 1156 2200 ut
1169 2139 1258 2216 quid-

200 2245 272 2324 quid
288 2243 418 2322 publicc,
432 2245 461 2306 id
474 2255 520 2306 est
534 2247 637 2325 generi
650 2248 781 2307 humano
795 2244 1101 2318 superposuisset,
1115 2243 1195 2306 idern
1207 2245 1259 2305 fiet

199 2351 291 2412 etiam
307 2351 379 2412 utite
395 2351 537 2429 singulis,
553 2355 642 2428 atque
657 2348 698 2410 id
709 2364 797 2411 onrne
811 2351 973 2412 honesturn
988 2349 1028 2410 sit
1042 2349 1116 2410 utile
1130 2354 1159 2409 et
1170 2363 1259 2411 omne

200 2459 287 2531 turpe
301 2454 492 2530 damnosum,
509 2456 580 2532 quia
592 2457 687 2516 Deum
696 2455 788 2532 justis
800 2453 1062 2533 premia,injustis
1075 2469 1179 2530 peenas
1190 2453 1259 2516 des-

199 2557 314 2621 tindsse
329 2559 443 2636 exejus
459 2559 607 2636 sepientid
621 2564 749 2635 constet,
766 2564 795 2621 et
805 2575 871 2637 quae
883 2559 1044 2621 destinavit
1055 2557 1258 2636 perfecturum

199 2664 423 2740 omnipotentie
438 2665 513 2725 ratio
528 2664 647 2726 evincit.
668 2662 834 2736 Existentia
850 2665 942 2743 igitur
956 2665 1043 2726 Entis
1063 2663 1191 2740 alicuius
1207 2679 1257 2724 sa-

199 2767 382 2844 pientissimi
394 2773 423 2830 et
437 2769 652 2845 potentissimi,
669 2784 723 2830 seu
737 2770 792 2830 Dei
809 2774 854 2831 est
862 2769 940 2846 juris
952 2774 1065 2831 naturae
1080 2768 1259 2830 fundumen-

197 2877 261 2932 turu
280 2872 437 2948 uitirnunr;
459 2869 565 2950 dquoe
589 2872 677 2935 nohis
699 2873 911 2935 mathematice
930 2873 1109 2934 certitudine
1130 2873 1257 2934 deruen-

198 2981 302 3050 stuute,
342 2974 410 3037 edm
434 2977 567 3053 prodibit
601 2979 630 3038 in
664 2976 830 3054 publicum,
863 2977 1028 3056 disjecture
1062 2982 1109 3040 est
1136 2974 1258 3054 penitus

198 3078 323 3142 nebulus
338 3081 376 3142 ab
390 3081 488 3143 atheis
503 3081 618 3143 veritati
634 3081 758 3144 offusus.
773 3104 787 3139 u

232 3427 267 3497 (1)
286 3430 319 3481 P.
332 3417 421 3498 pauet.
436 3429 566 3492 Histoire
582 3431 617 3484 de
633 3430 662 3482 la
676 3431 863 3503 philosophie
876 3431 987 3486 morale
1004 3437 1032 3485 et
1046 3429 1199 3501 politique,
1216 3431 1254 3494 11,

233 3594 340 3646 «Dans
355 3600 428 3647 cette
444 3593 587 3665 premiere
602 3596 737 3666 esquisse
755 3597 790 3650 de
807 3613 854 3650 ses
869 3596 962 3656 iddes.
980 3595 1100 3650 Leibniz
1113 3612 1150 3648 ne
1165 3595 1259 3666 paceii
1370 3663 1374 3668 Ι

195 3691 247 3745 pas
260 3692 365 3729 encore
382 3693 567 3747 soupqonner
579 3678 607 3732 la
621 3681 759 3749 question
776 3698 832 3751 que
851 3697 928 3733 nous
944 3681 1056 3732 l’avons
1068 3697 1109 3732 ru
1128 3677 1258 3732 discuter

195 3775 266 3810 avec
282 3764 343 3810 tant
358 3760 392 3812 de
408 3759 488 3812 force
504 3767 602 3814 contre
618 3762 800 3828 Puffendorf‚
823 3761 898 3816 celle
913 3765 947 3817 de
969 3762 1067 3816 seroie
1080 3762 1105 3815 si
1120 3762 1197 3814 Dieu
1213 3767 1258 3816 est

192 3837 319 3894 i'auteur
333 3843 372 3894 du
388 3843 464 3895 droit
477 3859 528 3912 par
539 3859 571 3895 sa
582 3844 701 3898 volente
717 3863 758 3899 ou
772 3863 824 3916 par
836 3862 869 3898 se
879 3853 991 3900 nature.
1003 3845 1029 3899 11
1038 3844 1148 3900 semble
1161 3843 1256 3898 meme

194 3921 234 3975 ici
248 3925 360 3978 donner
374 3925 472 3978 raison
488 3924 504 3978 ὲ
518 3925 547 3978 la
558 3927 689 3982 doctrine
705 3930 743 3983 de
757 3928 890 3984 Hobbes.
906 3951 920 3980 >›
