2998 4824
634 433 793 496 ..gp-

186 615 318 677 onndum
334 615 373 676 sit
388 621 421 676 ut
435 614 472 676 ad
484 615 729 693 jurisprudentiae
751 615 888 703 perfectae
899 615 986 694 adyta
1002 618 1175 694 perveniant
1191 617 1238 694 (l).

226 720 321 797 Huius
337 720 392 782 viae
411 720 467 781 tria
482 717 650 781 curriculo
669 725 762 783 sunt:
783 736 876 784 unum
896 719 1097 796 clementiore,
1114 722 1241 784 alterum

187 823 387 904 ecepeticum
406 825 527 886 tertium
537 823 747 904 polemicum.

225 927 394 1006 Antequam
405 929 469 990 nac
484 927 680 1007 ingrediatur,
696 933 798 990 noster
817 929 867 991 bic
881 935 979 993 notat:
1003 951 1016 985 a
1034 930 1109 991 Cum
1127 935 1241 990 certum

185 1041 304 1112 tempus
319 1032 557 1113 assignabimus,
570 1047 628 1094 non
641 1032 753 1109 exacte,
766 1032 819 1094 sed
830 1034 949 1096 circiter
959 1033 1077 1096 deliniri
1088 1053 1096 1109 ;
1106 1035 1163 1095 troc
1173 1047 1242 1094 esse

186 1153 239 1216 pro
251 1137 455 1200 mediocribus
471 1137 613 1216 ingeniis,
630 1153 726 1215 neque
740 1139 821 1200 enim
834 1137 936 1200 tardos
952 1139 1131 1212 subsistere,
1144 1153 1242 1216 neque

185 1243 297 1304 coleres
313 1243 476 1319 praevenire
483 1247 561 1304 veto.
576 1263 591 1298 a
604 1242 752 1304 Praeterea
760 1248 860 1304 monet
869 1243 943 1304 satis
951 1247 980 1304 et
992 1244 1060 1320 plus
1073 1243 1147 1304 satis
1159 1257 1239 1316 esse,

185 1347 210 1408 si
227 1346 360 1424 quotidie
385 1363 437 1408 sex
452 1348 532 1409 borae
554 1347 625 1423 juri,
644 1362 771 1424 quarum
786 1347 852 1408 duae
870 1362 938 1408 cum
962 1353 1154 1425 preceptore,
1175 1347 1241 1408 duae

186 1451 390 1536 nominationi,
413 1451 535 1528 reliquae
550 1449 616 1512 darae
635 1451 755 1512 lectioni
773 1450 921 1526 volitanti,
944 1449 1074 1512 maxime
1093 1451 1240 1525 historiae,

187 1555 406 1632 impendantur.
423 1552 534 1616 Verium
553 1552 762 1616 dduodecimo
778 1569 856 1615 anno
877 1554 1026 1631 usquead
1046 1555 1197 1636 decimum
1213 1561 1242 1616 et

186 1665 333 1735 octavum,
350 1675 387 1721 ne
399 1665 497 1721 cetera
511 1657 609 1720 studia
626 1658 810 1734 omittantur,
827 1659 933 1721 suadet
947 1665 980 1721 ut
991 1659 1050 1737 juri
1063 1675 1122 1722 non
1138 1660 1239 1738 plures

150 1773 153 1780 ⁴
185 1762 274 1842 qnam
288 1770 416 1842 quatuor
430 1764 610 1825 tribuantur.

225 1866 442 1930 Corniculum
465 1867 655 1928 dementare
678 1868 837 1930 historiam
851 1868 929 1945 jnris
952 1867 1068 1944 rudem,
1095 1869 1240 1931 terminos

184 1974 357 2035 usitatiores
372 1978 401 2035 et
416 1979 561 2050 praccepta
579 1973 772 2034 elementaria
791 1974 933 2048 continet,
955 1988 1067 2051 sexque
1083 1974 1240 2035 mensium

185 2077 282 2154 spatio
297 2084 375 2156 eget.
389 2076 473 2148 Quod
485 2076 523 2138 ad
539 2083 685 2154 praecepta
700 2078 816 2152 attinet,
832 2082 932 2139 vetera
947 2083 975 2138 et
986 2077 1130 2156 abrogata
1142 2079 1239 2139 omitti

100 2163 103 2170 ’
184 2181 351 2242 Leibnitius
366 2187 478 2255 censet,
492 2196 529 2242 ne
539 2182 596 2243 tiro
607 2182 765 2243 vetustatis
780 2181 1005 2243 difficultatibus
1017 2188 1046 2244 et
1057 2182 1240 2244 obscuritate

184 2285 337 2346 obruatur.
354 2285 446 2360 Cujus
461 2285 613 2361 opinionis
628 2286 706 2346 banc
720 2285 861 2346 eximiam
880 2287 1025 2347 rationem
1040 2287 1125 2346 allent
1140 2305 1146 2348 :
1173 2308 1187 2341 a
1205 2288 1238 2347 ln

184 2388 328 2449 discendo
341 2403 398 2449 non
412 2403 531 2464 semper
545 2392 650 2448 natura
666 2403 776 2462 rerum,
795 2388 847 2450 sed
863 2389 1061 2451 commoditas
1078 2391 1241 2467 spectanda

184 2498 240 2554 est.
253 2514 266 2548 a
281 2493 317 2578 lit
326 2498 471 2569 praecepta
480 2491 597 2553 facilins
609 2492 801 2568 retineantur,
810 2493 881 2555 dare
891 2508 1013 2570 operam
1025 2501 1239 2571 praeceptorem

181 2598 266 2675 J‘ubet
282 2619 297 2652 a
313 2603 346 2658 ut
359 2596 482 2658 cuilibet
500 2596 609 2673 placito
621 2596 710 2673 iuris,
730 2598 820 2659 etiarn
835 2598 1005 2672 arbitrario,
1027 2599 1173 2660 rationem
1188 2615 1239 2660 as-

182 2689 343 2781 ¹signetaut
358 2701 586 2779 congruentiam
601 2701 762 2778 qrramdam
778 2702 928 2763 interdum
944 2702 1102 2764 ridiculam
1117 2704 1239 2782 excogi-

183 2812 234 2867 tet.
249 2828 263 2861 »
281 2805 398 2883 erippe
413 2805 464 2881 qui
477 2805 523 2866 vol
538 2804 664 2866 minima
674 2811 888 2884 stratagemate
899 2823 958 2869 non
970 2806 1117 2885 despiciat
1128 2808 1239 2886 quibus

183 2925 268 2972 mens
283 2909 417 2987 adjuvari
432 2914 531 2985 queat.

217 2997 440 3076 'Corniculana
459 3011 651 3092 exegeticuna
671 3027 723 3074 sex
744 3027 862 3090 quoque
881 3014 1038 3076 mensibus
1060 3014 1238 3092 absolvitur,

184 3133 298 3180 necnon
314 3119 470 3180 titulorum
483 3117 603 3186 seriem,
615 3116 692 3193 juris
704 3117 837 3178 universi
849 3119 1053 3181 institutiones
1062 3126 1151 3197 atque
1162 3121 1240 3181 anti-

183 3222 300 3283 nomias
319 3222 537 3299 complectitur.
555 3222 599 3283 Ne
615 3236 693 3282 nunc
711 3221 831 3298 quidem
848 3227 926 3283 totos
940 3223 1017 3299 iuris
1034 3224 1129 3286 libros
1146 3224 1238 3286 tironi

181 3325 326 3404 legendos
335 3341 403 3388 esse
414 3325 583 3387 leibnitius
593 3325 674 3401 vult;
686 3340 762 3402 quos
775 3325 854 3387 enim
864 3325 965 3402 junior
976 3342 1035 3388 non
1045 3325 1238 3404 planeadbuc

183 3430 372 3509 intelligeret,
398 3444 474 3506 quos
495 3427 598 3491 contra
621 3427 719 3505 facile,
741 3429 792 3491 ubi
815 3431 1035 3492 controversias
1055 3433 1236 3509 pernoverit,

868 3673 1238 3684 —-—.--—.-.....

218 3795 253 3868 (l)
273 3798 437 3850 Nouveaux
451 3796 562 3852 EssaiS.
578 3797 628 3858 IV,
644 3797 671 3858 7,
688 3795 708 3865 ἓ
723 3795 765 3848 ll.

218 3898 232 3927 «
248 3880 305 3931 Les
322 3879 434 3931 bonnes
449 3876 602 3932 methodes
621 3879 874 3948 d'enseignement
888 3886 954 3933 sont
969 3884 1065 3932 tontes
1080 3878 1165 3932 telles
1180 3897 1237 3948 que

180 3961 210 4037 la
224 3960 340 4014 science
357 3961 450 4014 aurait
463 3979 503 4031 pu
519 3959 578 4013 dtrc
591 3959 713 4016 trouvee
730 3961 941 4019 certainement
949 3979 1000 4033 per
1012 3961 1077 4016 leur
1085 3961 1210 4015 chemin.
1223 3981 1237 4008 »
