2998 4824
409 1054 609 1159 Pons
654 1056 1030 1162 SECUNDn

319 1591 375 1666 AD
402 1591 836 1647 JURISPRUDENTIAM
863 1593 1111 1646 RESTRICTA

226 2357 476 2437 lurisprudentiae
490 2359 611 2437 quidem
627 2359 778 2421 tradendae
793 2358 967 2423 methodum
979 2367 1011 2422 ut
1026 2362 1170 2438 perficiat,
1183 2361 1243 2425 duo

185 2463 356 2525 Leibnitius
381 2464 440 2524 sibi
466 2465 625 2541 proponit:
652 2461 826 2540 primdmut
847 2464 1092 2541 jurisprudentiae
1107 2466 1244 2542 pertenta

187 2567 298 2642 ideam,
315 2573 347 2629 ut
365 2569 431 2645 ipsc
446 2568 499 2643 ait,
521 2567 667 2643 delineet3
683 2566 752 2629 dein
766 2574 799 2629 ut
809 2569 874 2630 vias
886 2569 923 2629 ad
936 2569 1018 2631 iliam
1030 2569 1244 2647 perfectionem

186 2671 345 2750 grassandi
361 2673 510 2750 designet.

227 2774 378 2854 Quidquid
393 2775 463 2838 voro
478 2775 515 2838 ad
533 2775 743 2852 jurisconsulti
759 2776 882 2853 perlecti
903 2776 1101 2840 eruditionem
1117 2778 1244 2855 pertinet

185 2880 345 2959 theologiae
361 2881 455 2942 instar
475 2880 505 2940 in
525 2885 653 2957 quatuor
673 2885 773 2956 partes
789 2879 919 2942 dividit:
943 2879 1170 2942 «didacticum
1189 2896 1242 2944 seu

186 2983 347 3060 positivam
361 2999 397 3045 ca
407 2983 608 3046 continentem
623 2998 689 3062 quaa
702 2984 830 3045 inlibris
844 2984 1025 3045 authenticis
1036 2982 1179 3061 expresse
1191 2999 1243 3046 ex-

185 3094 250 3150 tant
261 3095 289 3150 et
303 3090 375 3151 certi
388 3089 465 3166 juris
481 3095 571 3166 sunt3
592 3085 785 3150 historicam
802 3088 962 3168 originem,
978 3093 1127 3164 auctores,
1144 3094 1243 3150 muta-

186 3193 284 3255 tiones
303 3193 574 3271 abrogationcsque
594 3193 696 3271 legum
715 3197 925 3268 enarrantem3
950 3190 1139 3271 ecepetlcom
1158 3192 1242 3270 ipsos

186 3296 282 3358 libros
296 3278 484 3358 authenticos
492 3296 736 3373 interpretantem
751 3314 759 3372 ;
773 3295 938 3372 etdcnique
949 3295 1065 3372 apicem
1076 3301 1242 3357 ceterarum

181 3398 380 3480 polemicam
395 3416 448 3461 seu
464 3400 744 3462 controversiariam
760 3415 850 3461 casus
866 3399 896 3460 in
911 3399 1030 3478 legibus
1043 3399 1194 3462 indecisos
1207 3415 1243 3462 ex

185 3505 299 3567 ratione
311 3510 340 3566 et
355 3504 552 3566 similitudine
567 3503 768 3566 definientem.
787 3527 800 3559 s

227 3608 370 3680 Quamvis
399 3607 578 3670 didacticam
604 3614 632 3670 et
654 3608 833 3684 polemicam
860 3607 980 3687 proprie
999 3608 1243 3686 jurisprudentiae

187 3719 286 3790 partes
302 3729 371 3776 csse
383 3713 473 3789 dicat,
489 3714 666 3776 historicam
677 3712 748 3776 vero
759 3720 790 3776 et
804 3714 987 3793 exegeticam
1000 3728 1058 3776 non
1074 3712 1242 3777 omnindad

187 3819 377 3896 quotidianos
402 3820 470 3880 vitae
495 3834 569 3880 usus
595 3818 783 3880 necessarias
808 3832 877 3880 esse
897 3818 1035 3893 fateatur,
1057 3823 1156 3878 tamen
1179 3817 1243 3878 haec

187 3911 288 3986 omnia
308 3925 525 4002 jurisconsulto
547 3922 729 4002 magnopere
753 3922 965 3985 commendat:
994 3943 1008 3979 n
1032 3937 1101 3984 nam
1123 3922 1149 3984 si
1174 3922 1242 4000 quis
1277 4006 1279 4012 Ι
