2998 4824
716 401 871 464 -gp..

264 579 391 643 Romani
407 581 464 642 sibi
482 582 602 662 gemelli
615 587 684 644 sunl
702 589 735 644 ut
749 584 878 645 sublatis
889 584 1012 662 judiciis
1033 585 1144 662 quibus
1166 586 1320 648 sententia

263 691 497 764 autargumenta
511 686 747 766 distinguuntur,
763 688 950 767 distinguere
962 690 1071 767 stylum
1087 697 1138 751 aut
1148 690 1319 767 loquentem

261 790 310 850 vix
325 792 437 868 possis,
454 806 509 854 uec
522 779 726 870 uspiam'juris
742 794 887 854 naturalis
899 793 1040 870 praeclare
1053 796 1162 857 exculti
1175 795 1317 858 uberiora

261 895 390 974 vestigia
404 895 653 974 deprehendas.»
753 937 755 941 ,
1207 955 1209 957 ,

302 998 444 1070 Quamvis
458 999 529 1062 verb
544 1000 712 1064 leibnitius
727 1003 811 1082 leges
823 1004 975 1066 Romanas
987 1001 1169 1083 magnopere
1184 1003 1318 1079 extollat,

263 1104 348 1166 illum
369 1110 468 1166 tamen
490 1119 593 1167 earum
613 1107 687 1169 naevi
708 1123 767 1170 non
784 1107 913 1187 lugiunt.
936 1110 1029 1185 Duas,
1056 1113 1088 1170 ut
1103 1109 1169 1186 ipse
1192 1109 1245 1183 ait,
1261 1107 1321 1169 vir-

263 1214 341 1270 tutes
352 1208 521 1271 cardinales
533 1210 562 1271 iu
576 1211 642 1287 jure
655 1213 801 1289 requirit:
818 1212 956 1275 videlicet
972 1213 1216 1290 perspicuitatem
1232 1217 1321 1289 atque

263 1311 449 1375 brevitatem.
471 1313 569 1385 Quare
581 1315 641 1392 iuri
660 1317 796 1378 Romano
813 1318 848 1393 (l)
864 1319 1055 1380 vehementer
1070 1316 1319 1393 superfluitatem,

262 1415 423 1493 delectum,
448 1417 674 1496 obscuritatem,
698 1421 906 1484 confusionem
931 1421 1045 1498 objicit.
1071 1420 1269 1498 superfluitas
1290 1420 1320 1480 in

262 1521 427 1601 abrogatis,
446 1523 581 1586 delectus
602 1525 631 1585 in
652 1526 839 1602 antinomiis,
856 1526 1026 1589 obscuritas
1045 1526 1075 1586 in
1092 1525 1159 1602 styli
1180 1532 1209 1586 et
1224 1524 1319 1584 histo·

262 1626 314 1687 riae
337 1633 472 1689 veterum
497 1629 686 1706 ignoratione
711 1631 862 1692 consistit.
890 1631 1034 1694 Conlusio
1060 1635 1160 1691 autem
1185 1629 1319 1690 omnium

262 1731 393 1793 maxima
409 1733 587 1808 pestis'esse
605 1733 734 1811 videtur,
758 1733 798 1796 ita
813 1741 846 1795 ut
867 1736 936 1797 truie
959 1736 1078 1797 obviam
1099 1733 1197 1796 eundo
1212 1733 1320 1794 ceteris

263 1850 383 1913 quoque
397 1837 564 1900 remedium
586 1838 737 1900 atteratur.
754 1838 825 1910 Quae
840 1840 949 1918 triplex
962 1847 1029 1903 est:
1046 1839 1161 1902 seilicet
1182 1853 1318 1915 operum,

262 1940 456 2002 materiarum
480 1947 509 2002 et
529 1942 641 2020 legum.
672 1944 787 2022 Legum
809 1944 991 2021 confusioni,
1020 1944 1050 2005 id
1072 1948 1119 2006 est
1136 1942 1320 2019 dispersioni

261 2050 291 2106 ot
306 2045 534 2121 perturbationi,
551 2061 604 2124 per
619 2048 750 2127 logicam
764 2050 849 2127 leges
865 2049 894 2109 in
918 2048 1023 2111 eodem
1038 2048 1125 2110 titulo
1140 2045 1319 2124 disponendi

262 2150 435 2212 methodum
451 2152 594 2214 succurit.
609 2152 800 2213 Materianum
812 2153 1020 2215 contusionem
1031 2158 1062 2214 ut
1073 2157 1195 2226 evertat,
1212 2167 1319 2214 novam

261 2254 442 2316 divisionem
474 2257 614 2332 proponit
647 2272 713 2334 qua
745 2272 780 2318 ex
804 2273 911 2320 novem
942 2257 1078 2334 partibus
1107 2261 1246 2319 constet:
1274 2253 1319 2317 lra'a

246 2363 333 2452 'suut
354 2359 385 2420 l⁰
400 2361 550 2438 generalia
563 2361 641 2438 iuris
657 2368 685 2424 et
706 2363 868 2437 actionum,
883 2364 915 2424 2⁰
930 2377 1077 2439 personae,
1096 2361 1128 2424 3⁰
1146 2360 1270 2438 iudicia,
1286 2361 1318 2422 4⁰

259 2463 327 2540 iura·
346 2463 449 2539 realia,
472 2465 700 2542 memoratus,
725 2467 757 2529 6⁰
778 2468 1001 2542 successiones,
1018 2468 1050 2527 '1⁰
1064 2466 1202 2541 crimina,
1220 2467 1251 2528 8⁰
1268 2465 1318 2542 jus

262 2566 428 2645 publicum,
447 2568 479 2628 9ο
501 2569 551 2645 ius
578 2585 708 2632 sacrum.
726 2571 762 2646 (ᾖ)
787 2570 873 2642 Quod
901 2571 938 2631 ad
961 2585 1085 2648 operum
1110 2570 1317 2633 confusionem

262 2671 377 2744 attinet,
397 2670 502 2732 suadet
520 2680 553 2733 ut
573 2674 687 2750 quaein
712 2673 886 2750 Codicibus,
902 2677 1047 2752 Novellis,
1074 2675 1317 2738 Institutiouibus

261 2774 455 2852 Digestisque
476 2776 677 2852 continentur,
703 2793 762 2840 uuo
791 2794 881 2856 opere
898 2780 1126 2855 concludantur,
1154 2778 1194 2841 ita
1214 2785 1247 2840 ut
1271 2780 1318 2841 lex

248 2895 330 2953 una,
348 2879 483 2955 immota,
500 2881 621 2956 clarior,
635 2883 804 2968 simplicior
818 2884 934 2946 euadat.

302 2983 369 3045 Non
384 2984 476 3062 igitur
491 2985 518 3048 is
533 2991 579 3047 est
596 2987 646 3063 quui
663 2987 746 3066 leges
766 2989 796 3048 ln
812 2988 945 3050 codicem
960 2988 1099 3050 redactas
1119 2988 1155 3065 (3)
1172 2995 1311 3065 respuat;

294 3382 329 3453 (l)
352 3383 436 3436 Ratio
454 3385 584 3455 corporis
597 3385 673 3456 juris
690 3389 927 3443 reconcinnandi.

294 3491 328 3564 (2)
344 3493 460 3546 Potbicr
478 3501 578 3548 noster
591 3495 608 3550 J
611 3496 805 3551 ustinianeam
819 3497 962 3552 librorum
974 3515 1007 3552 ac
1026 3498 1178 3552 titulorum
1195 3500 1226 3552 in
1239 3501 1314 3552 Pan-

257 3575 349 3628 dectis
364 3574 550 3645 partitionem
571 3595 629 3630 non
643 3585 762 3648 tangere
783 3597 873 3632 ausus
893 3587 957 3644 cst;
976 3581 1074 3634 sedin
1097 3598 1213 3652 quoque
1229 3581 1312 3634 titulo

256 3656 338 3728 leges
350 3659 512 3711 secundum
524 3662 618 3730 ipsam
633 3677 731 3714 rerum
744 3661 872 3732 logicam
887 3663 1075 3734 sagacissime
1092 3664 1249 3718 distribuit.
1307 3670 1312 3678 '

293 3764 327 3836 (3)
344 3767 418 3820 Vide
432 3767 592 3822 Bcutbam’a
604 3769 751 3841 judiciary
766 3772 965 3843 organisation
977 3775 1033 3828 aud
1051 3773 1245 3828 aedification.

294 3848 421 3902 Tbt'baut.
441 3851 521 3904 Uber
537 3851 584 3905 die
602 3853 859 3924 Nothwendigkeit
877 3856 959 3910 eines
977 3856 1173 3928 allgemeinen
1186 3859 1312 3928 Biirger-

255 3927 331 3983 liche
356 3932 464 3986 Rechts
488 3933 536 3986 fiir
563 3934 776 3990 Dcutschiand.
