2998 4824
735 421 892 482 43..

283 615 393 679 negare
405 600 523 676 audeat,
540 615 599 664 non
612 602 719 678 poterit
734 615 769 662 ex
785 601 913 665 historici
927 601 1336 680 legibusqnedenronstrare3

283 704 351 768 ideo
365 707 502 782 empirici
515 706 614 784 magis
629 721 737 768 nomen
753 706 916 768 merebitur
930 704 1020 783 quim
1036 707 1101 782 ejus
1121 709 1172 783 qui
1191 721 1292 769 veram
1307 709 1337 768 in

279 809 346 886 jure
359 810 581 888 philosophiam
598 812 637 872 sit
651 817 820 872 assecutus.
835 833 850 866 »
1102 813 1107 820 '

321 915 405 976 lianc
419 915 541 992 quidem
551 915 741 992 partitionem
752 916 832 976 haud
844 914 994 976 immerito
1006 915 1174 976 Leihnitius
1183 915 1242 976 sihi
1254 917 1336 992 plau-

281 1018 324 1080 dit
339 1019 419 1096 qudd
434 1017 451 1080 1
466 1019 616 1098 theologii
627 1020 791 1096 sumpserit
805 1025 894 1098 atque
909 1019 946 1080 ad
958 1020 1226 1096 jurisprudentiam
1239 1027 1334 1083 trans·

281 1123 392 1184 tulerit.
421 1125 536 1200 Nempe
561 1124 638 1184 mira
665 1125 822 1200 utriusque
844 1125 977 1186 scientie
1001 1124 1186 1200 similitudo;
1213 1131 1335 1203 utraque

280 1225 399 1306 depicto
415 1225 623 1306 principium
639 1227 751 1289 hahet:
777 1228 885 1304 partim
911 1226 1083 1294 rollonem,
1102 1229 1211 1305 purtim
1232 1229 1334 1309 scrip-

280 1336 393 1392 toram
408 1346 460 1393 sen
482 1332 593 1393 lihrum
611 1331 772 1409 quemdam
786 1331 990 1418 authenticum
1005 1332 1088 1411 leges
1104 1333 1249 1409 positivas
1264 1349 1334 1396 con-

281 1435 435 1497 tinentem.

320 1539 516 1618 Theologiam
535 1539 658 1617 quidem
670 1539 914 1617 iurisprudentiae
933 1538 1065 1615 speciem
1082 1540 1243 1616 qnamdam
1255 1555 1333 1617 esse,

279 1659 376 1722 neque
387 1645 480 1706 11111111
492 1645 582 1706 aliam
597 1644 788 1721 disciplinam
799 1643 1045 1720 jurisprudentiae
1060 1645 1230 1721 propiorem
1245 1661 1280 1708 ae
1292 1647 1334 1706 si-

280 1751 433 1814 miliorum
449 1751 588 1824 existere,
605 1765 693 1812 nemo
701 1755 747 1810 est
758 1750 785 1809 si
796 1748 928 1809 attendat
936 1748 986 1824 qui
997 1763 1106 1824 negare
1121 1750 1236 1827 possit;
1253 1751 1334 1812 illam

278 1854 350 1917 vero
366 1854 598 1917 solertissimam
614 1858 702 1930 atque
717 1851 873 1932 ingeniose
892 1853 1090 1931 excogitatam
1105 1854 1333 1916 similitudinem

279 1956 465 2020 nullomodo
488 1971 612 2018 neeesse
626 1961 689 2017 erat
714 1956 882 2024 heihnitius
903 1963 945 2019 tot
970 1962 998 2018 et
1018 1955 1080 2018 thm
1095 1958 1225 2020 exilibus
1242 1957 1333 2036 quum

279 2061 477 2139 argumentis,
490 2059 554 2121 tium
569 2060 715 2137 exemplis
731 2061 931 2122 confirmaret.

282 2201 284 2206 -
318 2165 488 2226 Leihnitius
504 2180 557 2228 cos
572 2164 762 2240 reprehendit
777 2165 827 2241 qui
837 2165 906 2226 huic
914 2165 1130 2242 comparationi
1142 2166 1332 2242 medicinam,

279 2268 502 2346 philosophiam
523 2285 558 2331 ac
576 2269 735 2330 mathesim
755 2269 915 2330 miscuere.
936 2270 980 2330 De
998 2268 1147 2331 medicina
1165 2271 1285 2347 quidem
1301 2287 1334 2333 ac

279 2371 472 2450 philosophia
485 2373 663 2435 nihilhaheo
676 2371 1038 2451 dicere,quippequarum
1052 2374 1210 2435 methodus
1222 2373 1333 2451 hinnis-

278 2477 445 2555 prudentiae
458 2477 597 2540 methodo
615 2476 688 2539 sane
699 2478 796 2539 aliena
807 2477 953 2552 videatur,
969 2477 1269 2554 etsijurisprudentia
1281 2494 1333 2538 nn·

278 2583 385 2644 turalis
397 2581 533 2660 quaedam
548 2597 616 2644 cum
633 2580 823 2659 philosophia
838 2581 1009 2642 communia
1029 2581 1147 2642 haheat.
1167 2581 1333 2643 Mathema-

279 2686 337 2747 tica
355 2686 426 2748 verd
446 2702 481 2748 ac
492 2686 728 2762 jurisprudentia
745 2687 774 2745 in
800 2701 835 2747 eo
856 2683 999 2746 nimirhm
1021 2686 1188 2762 comparari
1207 2691 1334 2762 possunt

277 2789 405 2868 quoodo
418 2789 744 2853 certisdctinitionibus
759 2791 991 2880 consequentias
1003 2789 1148 2868 quasdam
1161 2787 1272 2866 pariter
1282 2789 1334 2850 de-

278 2893 399 2958 ducunt.
1315 2905 1318 2910 '

713 3333 858 3404 CAPUT
885 3333 898 3402 Ι

512 3607 559 3656 DE
584 3605 888 3656 JURISPRUDENTIA
912 3605 1097 3654 DIDAGTIGA

315 3835 397 3896 iuris
412 3835 558 3897 elementa
574 3831 1102 3914 (31111111111111111111111(1111111111)
1118 3846 1177 3894 non
1192 3829 1332 3892 methodo

276 3937 473 4015 alphabetici,
488 3940 540 4001 sed
555 3939 694 4001 accurati
708 3944 735 4000 et
749 3938 846 4001 solidi
857 3937 977 4016 disponi
989 3935 1109 4000 dehent.
1126 3937 1235 3998 llirum
1248 3936 1330 3997 enim
