2998 4824
506 1095 899 1229 metrosus

222 2403 329 2465 Restat
342 2415 421 2466 nouo
432 2408 464 2464 ut
474 2403 575 2480 quemi
588 2401 768 2478 heiminus,
782 2404 808 2464 si
817 2404 1066 2480 jurisconsultum
1078 2404 1238 2468 modoros-

185 2508 345 2585 pioiemus,
362 2508 555 2570 estimandus
571 2507 611 2569 sit
625 2523 805 2585 quaeramus.

222 2615 277 2676 ius
293 2610 379 2688 saud,¹
389 2612 541 2675 fatendum
556 2613 677 2691 quidem
691 2614 748 2688 est,
765 2614 840 2675 nihil
856 2613 937 2675 eliud
952 2612 1045 2692 quim
1059 2614 1167 2692 tetigit,
1185 2615 1238 2676 sed

182 2718 276 2797 regali
288 2733 390 2793 meru,
407 2715 448 2779 iti
462 2723 494 2779 ut
506 2727 575 2780 eum
583 2718 821 2795 jurisprudentia
833 2718 982 2780 Germeua
992 2724 1042 2780 out
1054 2719 1156 2796 potius
1171 2720 1239 2781 urri-

181 2837 269 2884 verso
281 2821 339 2883 sibi
352 2819 484 2900 gloriosi
494 2820 646 2883 vindicare
657 2827 757 2897 queat.

223 2925 361 2990 Proiecto
382 2941 452 3001 nou,
476 2925 553 2986 sicut
575 2923 726 3002 Cujecius‚
749 2923 956 2986 eruditissimi
973 2925 1135 2988 ealliditate
1155 2928 1238 3006 leges

183 3033 336 3094 Romanas
347 3029 532 3108 expl‘auevit;
545 3044 616 3104 riou,
625 3029 704 3090 siout
714 3027 847 3104 Grotius,
858 3028 936 3105 iuris
947 3030 1081 3108 gentium
1091 3038 1240 3109 precepta

185 3136 297 3197 invenit
311 3151 345 3197 eo
361 3135 494 3212 perfecit.
515 3133 593 3205 Quin
607 3131 680 3208 imo,
702 3134 728 3193 si
749 3133 911 3195 verissima
926 3133 1026 3196 dicere
1041 3151 1165 3198 neeesse
1180 3119 1237 3213 est,

185 3239 305 3301 Baedro
318 3240 352 3315 (t)
364 3240 436 3300 iuoo
449 3236 636 3311 simillimus
645 3236 682 3297 de
691 3236 757 3312 jure
773 3236 963 3312 prefationes
978 3237 1124 3300 librorum
1139 3242 1239 3316 potius

184 3341 275 3418 qudm
290 3343 384 3404 libros
400 3341 502 3404 edidit.
522 3341 562 3404 m
582 3341 613 3400 iu
625 3340 693 3417 ejus
705 3340 832 3417 seriptis
840 3345 912 3418 quot
931 3346 960 3402 et
975 3339 1070 3418 quim.
1083 3345 1240 3421 exquisite

186 3447 335 3524 utilesque
343 3448 540 3526 cogitationes
548 3450 663 3507 suarem
675 3446 682 3505 i
695 3426 804 3507 omnio
815 3449 921 3506 tractet·
931 3447 1128 3522 etqueomnia
1139 3459 1251 3509 omem·

186 3551 247 3626 dat,
263 3559 325 3626 aut,
348 3551 374 3612 si
398 3556 517 3628 tempus
532 3550 568 3611 ed
591 3549 621 3611 id
638 3549 721 3627 quod·
741 3548 864 3611 suadeat
883 3550 1086 3630 peragendum
1109 3550 1237 3627 deficiet,

223 3911 258 3982 (1)
279 3914 318 3966 De
325 3915 393 3981 jure
405 3912 480 3984 opud
494 3914 636 3966 Boeotium
650 3912 718 3966 vide
733 3913 798 3966 Alb.
815 3914 976 3982 Desjordrins
983 3915 1101 3968 thesim.
