2998 4824
619 407 777 472 43¹1...

167 587 311 666 quidquid
327 588 444 667 exlege
459 587 628 665 deseendit,
642 590 733 652 veluti
750 603 904 668 penarum
916 590 966 667 jus
981 595 1010 654 et
1027 591 1224 669 publicajura

167 707 280 755 necnon
300 692 398 755 litiunr
419 693 531 755 formas
550 693 693 756 continet.
712 714 726 750 a
750 694 894 756 Promisit
909 695 990 756 enim
1007 696 1134 773 quilibet
1148 697 1224 759 sub·

164 797 245 860 ditus
258 799 432 877 reipublice
443 814 476 861 se
490 799 609 861 decreta
623 799 687 876 eius
701 799 747 862 uel
762 799 944 862 universalia
955 805 987 862 ut
998 801 1081 880 leges
1095 802 1142 864 vel
1158 802 1222 864 siu-

165 904 292 983 quiana,
308 908 341 966 ul
356 905 531 980 sententias,
549 910 613 966 rata
622 904 808 967 habiturum.
824 926 839 962 n
1026 969 1027 974 ἵ

204 1008 242 1069 Hi
263 1013 335 1070 suut
351 1023 455 1070 omnes
475 1009 648 1087 acquirendi
665 1009 743 1085 J'uris
767 1009 860 1085 modi,
882 1010 1017 1072 simulet
1038 1010 1223 1087 amittendi;

166 1127 234 1174 nam
255 1113 348 1174 simul
371 1128 407 1174 ac
426 1113 478 1191 jus
495 1112 646 1191 quoddam
660 1113 771 1176 abund
791 1115 968 1192 acquiritur,
993 1115 1031 1176 ab
1051 1115 1111 1178 alio
1132 1116 1225 1178 amit-

165 1217 247 1282 titur.

203 1323 260 1386 llis
274 1321 454 1401 explanatis,
474 1321 642 1384 leibnitius
660 1319 746 1384 ualde
761 1321 917 1400 glorietur,
938 1343 953 1380 ι
970 1321 1016 1384 lli
1033 1323 1126 1402 igilur
1142 1322 1223 1386 arhi-

164 1433 236 1502 trcr‚
257 1427 366 1505 iuquit,
387 1441 506 1488 summa
521 1426 600 1502 juris
618 1426 716 1503 capita
735 1441 771 1488 en
789 1427 865 1489 meri
883 1427 962 1504 J’uris
983 1428 1221 1490 evidentissimis

164 1532 322 1612 principiis
343 1530 361 1594 i
376 1531 511 1594 mesatis
525 1531 737 1609 digestaesse.
758 1531 861 1609 Neque
876 1533 957 1594 enlm
977 1533 1037 1593 alia
1052 1533 1130 1610 juris
1145 1534 1224 1595 obli-

162 1639 354 1718 gationisque
379 1651 472 1698 cause
496 1640 548 1698 aut
572 1635 756 1698 contrarium
782 1649 836 1698 seu
858 1636 1076 1700 destruetivum
1096 1639 1222 1716 reperiri

162 1749 261 1822 potest
276 1741 355 1822 quod
372 1743 403 1803 in
416 1739 466 1803 his
481 1755 541 1802 nou
555 1740 754 1802 contineatur.
772 1761 787 1797 s

201 1849 259 1920 Qui
272 1845 366 1926 quium
382 1845 423 1908 iti
438 1845 603 1924 superbiat,
618 1843 784 1906 videndum
796 1843 918 1906 taudem
930 1844 1019 1907 nobis
1032 1850 1077 1908 est
1089 1851 1223 1910 nutante

161 1953 314 2031 superbla
325 1951 465 2014 loeussit.
477 1949 673 2012 iustinianeae
688 1947 810 2026 quidem
826 1948 969 2012 methodo
981 1951 1038 2012 hoc
1053 1951 1221 2027 presertim

161 2063 265 2121 noster
284 2055 397 2133 objicit,
423 2053 500 2132 quod
527 2053 584 2116 tria
603 2053 670 2130 ejus
683 2052 820 2114 membra
838 2053 968 2130 quodam
990 2055 1079 2117 modo
1096 2056 1172 2118 inter
1187 2071 1223 2119 se

160 2160 400 2224 eon-tunduntur..
412 2157 602 2220 leibnitiana
615 2156 686 2219 varo
702 2171 800 2218 nonne
815 2157 912 2220 eidem
924 2157 998 2220 vitio
1009 2158 1137 2221 obnoxia
1152 2163 1223 2222 esti

200 2262 305 2330 Primo
331 2263 411 2324 euim
433 2261 535 2324 omnia
558 2276 754 2339 quaecumque
774 2261 856 2336 jura,
881 2262 1049 2338 exquibus
1070 2262 1224 2340 iurispru-

160 2369 263 2431 dontio
277 2371 405 2441 constat,
421 2362 576 2442 mruqulm
591 2362 679 2441 pure,
693 2363 801 2426 sallem
817 2364 847 2426 iu
861 2363 937 2425 bene
952 2365 1115 2427 constituti
1129 2361 1220 2443 re'pu-

162 2471 252 2547 blica
273 2485 310 2533 ex
329 2475 435 2532 natura
449 2469 611 2544 oriuntur;
629 2469 678 2530 lex
696 2467 777 2530 enirn
798 2482 833 2530 ea
855 2468 1020 2531 sanciendo
1041 2486 1108 2545 sua,
1131 2477 1165 2532 ul
1180 2469 1222 2534 ita

160 2577 272 2651 dicam,
290 2573 399 2651 ellicil'3
416 2574 476 2635 imo
489 2573 605 2635 nullum
619 2578 666 2635 est
677 2572 728 2650 ius
743 2588 779 2635 ex
796 2572 937 2636 omuibus
952 2588 1018 2652 quae
1026 2575 1093 2653 lege
1111 2589 1218 2637 eonse-

160 2687 283 2744 erantur
304 2678 385 2757 quud
407 2693 469 2741 non
485 2678 586 2755 aliquo
606 2677 695 2741 modo
716 2675 734 2739 a
754 2677 861 2740 neturi
880 2677 1029 2757 originem
1048 2685 1147 2741 surnat
1161 2698 1169 2756 ;
1185 2695 1221 2742 ea
1319 2685 1320 2690 ’

161 2785 341 2865 legumlator
355 2797 416 2845 nou
430 2781 446 2845 ll
462 2782 559 2844 nihilo
575 2787 668 2856 creat,
690 2781 909 2844 tamtummodo
928 2781 1044 2858 delinit,
1063 2783 1221 2846 coufirmat

159 2895 261 2968 alque,
285 2894 318 2950 ut
341 2889 398 2951 lroe
416 2887 541 2949 verbum
562 2899 718 2962 usurpem,
745 2885 966 2948 circumcludit.
992 2887 1104 2950 Natura
1126 2889 1221 2968 igilur

160 2992 335 3073 acquirendi
348 2991 425 3069 juris
447 2989 556 3052 modus
572 2989 714 3067 specialis
729 2990 894 3067 nuncupari
911 2990 1024 3067 nequit,
1041 2990 1221 3070 quippequae

160 3098 262 3160 onrnis
272 3097 351 3174 juris
365 3095 504 3175 generale
520 3093 702 3171 principium
722 3098 811 3171 alque
826 3092 893 3155 lons
909 3109 978 3156 esse
989 3094 1137 3158 uideatur.

200 3199 351 3276 Galerium,
375 3200 401 3261 si
417 3197 542 3276 quiquid
557 3213 593 3259 ex
611 3199 678 3276 lege
695 3195 861 3272 deseendit,
878 3198 947 3276 quia
967 3198 996 3259 iu
1013 3204 1099 3276 paeto
1113 3200 1219 3262 sociali

160 3305 277 3381 nititur,
300 3303 508 3368 conuentionis
530 3302 653 3365 nomine
671 3301 945 3379 comprehenditur,
972 3300 1035 3364 liun
1063 3305 1220 3366 successio

160 3411 378 3490 possessioque
398 3423 514 3471 necnon
539 3407 647 3484 iniuria
669 3407 773 3470 eodem
795 3407 916 3468 nomine
940 3421 1059 3486 quoque
1080 3423 1219 3486 compre·

159 3516 251 3578 uendi
272 3514 392 3577 delient.
419 3515 534 3590 Nempe
555 3529 590 3574 ea
617 3510 750 3590 quodam
772 3509 862 3572 modo
887 3525 922 3572 ex
949 3509 1016 3589 lege
1036 3511 1221 3574 descendere

159 3621 273 3683 nemini
293 3619 419 3681 dubium
438 3624 494 3679 est.
516 3615 662 3678 Praeterea
677 3631 814 3693 quaenam
834 3620 903 3676 suut
919 3630 985 3692 quaa
1005 3630 1058 3692 per
1077 3615 1218 3692 iniuriam

159 3725 227 3788 laedi
247 3723 398 3801 possunt?
418 3719 568 3786 Nimirirm
588 3735 623 3782 ee
638 3720 706 3797 jura
725 3735 790 3797 quae
805 3717 822 3780 i
836 3717 952 3794 naturi,
973 3717 990 3780 i
1010 3719 1216 3795 possessione,

109 3813 113 3818 ’
159 3828 393 3892 icouvenlione
412 3825 653 3904 proficiscuntur.
676 3823 757 3903 Ergd
780 3839 839 3886 non
858 3829 903 3885 est
922 3839 976 3884 eur
997 3823 1161 3902 singularis
1183 3839 1219 3886 ac

159 3931 321 3995 distinctus
336 3933 421 3994 locus
434 3929 550 4007 injurie
564 3929 723 4005 tribuatur,
736 3927 807 3990 cirru
819 3929 993 3991 omnialraec
1005 3928 1082 3990 iuter
1094 3943 1127 3990 se
1141 3927 1217 3990 rnis·
