2998 4824
642 390 801 451 „57-

234 568 267 630 lu
289 566 572 631 Obserootc'ooe'bos
587 567 624 630 de
645 567 814 650 principio
824 566 917 648 jonis
937 568 1042 632 eadem
1063 569 1149 631 docet
1162 577 1251 649 atque

195 673 341 749 explanat.
357 675 507 737 Iustitiam
522 675 568 736 vel
589 675 619 734 iu
634 675 688 736 bei
705 675 866 750 voluntale,
882 675 928 736 vel
944 675 975 736 in
995 675 1137 747 bonitate,
1157 676 1204 739 vel
1220 678 1250 737 in

194 777 331 840 bumanae
345 780 498 842 societatis
513 779 651 842 custodiri
667 779 832 842 consistere
850 785 949 859 negat.
970 779 1043 842 Eam
1061 794 1120 842 uon
1136 779 1251 843 tantiam

194 879 224 940 in
239 883 389 946 uoluntate
403 883 514 960 diviua,
531 884 584 946 sed
600 889 628 946 et
644 885 673 945 in
690 883 853 958 intellectu,
870 899 925 946 nec
940 882 1055 945 tantiam
1074 884 1104 944 in
1120 884 1253 962 potentia

194 984 259 1060 bei,
276 986 329 1048 sed
344 993 372 1049 et
387 988 417 1049 in
430 987 577 1066 sapientiis
591 988 728 1051 collocat.
747 987 860 1049 «idern
873 992 930 1063 est,
947 988 1055 1065 inquit,
1069 989 1178 1049 rationi
1194 1003 1248 1066 pa·

193 1103 258 1151 rere
272 1106 307 1152 nc
322 1091 394 1155 beo.
411 1092 566 1170 supremae
580 1099 680 1156 autern
693 1092 819 1155 rationis
831 1098 877 1154 est
890 1092 920 1154 id
933 1107 1022 1172 agere
1032 1098 1065 1154 ut
1075 1093 1146 1155 boui
1160 1107 1254 1169 quau-

192 1198 256 1255 tum
271 1194 435 1272 plurimum
450 1202 546 1275 potest
562 1203 591 1259 et
603 1199 633 1258 in
645 1196 736 1275 quim
752 1197 893 1275 plurimis
907 1196 1080 1259 obtineatur
1094 1202 1123 1257 el
1138 1193 1252 1256 tautiun

192 1296 375 1361 diffundatur
389 1301 516 1363 felicitas
524 1309 669 1379 quantum
679 1303 755 1364 ratio
771 1301 848 1363 serre
859 1305 968 1379 potest.
981 1298 1145 1363 Siucoutrb
1156 1301 1252 1362 Deum

194 1401 282 1480 (quod
297 1403 385 1481 absit)
401 1419 548 1481 ponamus
566 1406 730 1483 potentiam
748 1403 789 1466 ita
803 1405 959 1482 despotico
975 1419 1112 1467 exercere
1128 1403 1254 1466 arbitrio

191 1509 225 1566 ut
238 1507 314 1567 nibil
329 1515 414 1569 curet
424 1515 627 1570 ereaturarum
640 1510 872 1588 intelligentium
880 1509 1057 1579 ¹felicitatem
1069 1513 1120 1570 rut
1133 1523 1193 1569 non
1206 1508 1253 1568 in-

192 1609 392 1688 telligentium
407 1611 556 1688 decorem,
573 1627 628 1674 nec
642 1614 775 1691 sapiens,
793 1629 848 1676 nec
862 1613 960 1674 bonus
972 1612 1040 1688 erit,
1055 1626 1121 1687 nec,
1134 1617 1167 1673 ut
1179 1612 1253 1672 bac-

193 1719 280 1775 tenus
293 1715 417 1791 justitiae
429 1717 510 1778 notio
527 1716 630 1778 habita
647 1722 704 1793 est,
719 1717 872 1793 iustus...
889 1717 985 1778 boum
1000 1730 1069 1776 esse
1083 1715 1183 1776 omnis
1201 1730 1254 1775 na-

192 1819 300 1880 tumlis
309 1819 387 1896 juris
402 1827 553 1882 auctorem
564 1821 759 1884 verissimum
770 1826 828 1897 est,
841 1826 870 1881 at
879 1835 938 1881 non
949 1820 1112 1894 uoluntate,
1123 1818 1176 1879 sed
1186 1816 1254 1894 ipsi

192 1922 326 1984 essentia
337 1923 391 1986 suta
403 1924 462 2002 qua
472 1927 586 1988 ratione
599 1927 688 1988 etiam
701 1931 804 1988 auctor
814 1930 859 1987 est
869 1925 1015 1987 veritatis.
1027 1945 1041 1980 o
1053 1923 1136 1986 Nihil
1149 1923 1252 2000 igitur,

194 2026 220 2086 si
234 2027 384 2090 Leibnitiu
395 2029 506 2105 credis,
513 2030 630 2107 iustitia
641 2030 791 2092 arbitrarii
803 2030 893 2092 babet
904 2049 912 2106 ;
923 2029 1037 2091 nullam
1046 2027 1253 2103 exceptionem

193 2142 230 2189 ex
244 2131 298 2191 bei
314 2131 440 2194 libidine
455 2134 563 2211 accipit
578 2135 636 2209 uel,
659 2135 686 2195 si
710 2134 845 2212 accipere
863 2134 991 2209 videtur,
1007 2130 1071 2193 tium
1087 2130 1190 2208 potius
1209 2127 1255 2188 di-

193 2233 324 2295 cendum
339 2241 385 2296 est
400 2236 578 2313 probibendi
590 2238 736 2299 rationem
752 2251 940 2299 evanescere.
960 2258 974 2291 α
991 2233 1062 2296 ideo
1080 2238 1165 2294 actus
1183 2235 1254 2293 sunt

193 2333 268 2408 iusti
285 2337 466 2412 probibiliue
480 2338 575 2401 multo
593 2341 691 2418 magis
703 2341 774 2416 quia
789 2356 849 2417 prae
865 2340 934 2401 aliis
948 2339 1020 2401 boni
1042 2337 1150 2399 malive
1163 2340 1254 2410 suut;

196 2450 255 2497 nou
270 2438 373 2500 conlrl
388 2440 459 2503 boui
475 2442 594 2519 malive,
612 2444 682 2521 quia
693 2442 772 2520 J'ussi
787 2451 837 2505 aut
853 2444 997 2522 prohibiti
1013 2448 1094 2504 sunt.
1112 2463 1127 2499 a
1285 2505 1288 2512 i

235 2543 316 2604 luris
332 2545 425 2623 igitur
439 2549 521 2610 nulia
535 2547 618 2626 paenb
638 2555 768 2626 estpars
790 2564 880 2626 quam
899 2549 1068 2612 Leibnitius
1085 2562 1144 2610 non
1169 2557 1256 2620 mag-

194 2645 307 2722 nopere
323 2651 486 2714 excoluerit
501 2660 589 2732 atqcue
604 2653 841 2731 amplificaverit.
