2998 4824
650 375 862 440 40-

251 556 360 622 deiude
372 557 558 636 probandum
573 558 663 619 etiam
678 563 724 620 est
738 559 790 636 qui
806 559 903 637 legem
919 559 986 620 tulit
998 558 1062 635 nius
1078 559 1120 620 rei
1130 563 1314 636 potestatem

251 665 365 727 lacluet
376 669 463 740 pactu
474 663 532 724 sibi
545 663 756 740 acquisivisse.
768 661 854 726 Unde
869 668 948 740 patet
959 664 1057 741 legem
1068 665 1314 726 excouveuticne

151 749 155 760 ’
252 768 355 846 populi
371 768 479 830 valere.
497 765 631 845 Cquue
646 767 717 830 certi
731 767 808 844 juris
825 767 864 828 sit
880 767 911 828 iu
926 767 964 828 iis
980 767 1031 828 ubi
1050 775 1169 844 pactum
1186 757 1244 829 nou
1262 769 1312 829 in-

251 873 391 936 tercessit
404 873 539 936 obtinere
550 872 601 949 jus
614 887 742 947 merum,
759 877 838 948 patet
854 872 884 932 in
900 872 938 933 iis
951 872 1073 933 casibus
1090 871 1127 934 de
1139 861 1249 949 quibus
1261 873 1312 934 lex

253 993 286 1040 se
301 993 360 1040 nou
371 976 543 1053 declaravit,
560 974 725 1038 secundium
740 977 791 1054 ius
808 981 922 1038 naturae
937 991 1005 1038 esse
1016 976 1223 1054 judicandum,
1237 991 1314 1054 que·

253 1081 446 1145 madmodum
463 1082 492 1143 iu
507 1097 579 1144 casu
591 1082 775 1142 cessantium
788 1085 969 1144 statutorum
980 1081 1132 1158 iudicatur
1144 1080 1312 1143 secundum

251 1187 301 1263 jus
312 1201 481 1250 commune.
498 1187 531 1248 Si
544 1186 737 1250 observarent
751 1187 808 1248 boc
823 1186 1028 1262 decisienarii,
1042 1186 1161 1248 facilius
1173 1200 1207 1246 se
1220 1186 1311 1247 extri-

254 1298 375 1368 carunt;
390 1289 494 1354 verium
509 1292 552 1354 illi
564 1291 605 1352 ad.
618 1292 735 1354 similes
751 1292 851 1368 potius
864 1291 1006 1352 materias
1018 1290 1085 1368 jure
1098 1291 1178 1352 civili
1191 1289 1314 1352 decisas

255 1397 419 1472 respiciunt
434 1401 462 1458 et
474 1409 510 1456 eu
523 1396 584 1457 illis
600 1396 637 1457 ad
652 1397 707 1457 lias
723 1401 981 1474 argumentantur,
1002 1411 1068 1472 quae
1083 1409 1132 1456 res
1148 1395 1210 1456 illis
1226 1410 1315 1473 mag-

254 1515 324 1561 uam
339 1501 565 1578 perplexitatem
577 1501 673 1578 parit;
687 1507 757 1562 suut
768 1501 848 1562 enim
866 1501 968 1577 plures
986 1500 1038 1561 uui
1055 1499 1172 1561 similes
1189 1505 1217 1561 et
1231 1515 1315 1561 unus

254 1604 292 1666 ad
302 1606 389 1680 banc,
402 1606 526 1668 aliusad
536 1607 626 1668 aliam
638 1605 868 1668 similitudinem
880 1605 1026 1683 confugit.
1039 1602 1110 1666 ldcd
1122 1605 1215 1666 tutius
1227 1603 1313 1665 arbi-

255 1715 318 1771 lrur
332 1709 443 1772 referre
458 1725 491 1772 se
505 1710 544 1772 ad
560 1725 676 1772 merum
692 1710 939 1788 immutabileque
952 1709 1001 1786 ius
1016 1715 1139 1771 naturae.
1155 1731 1170 1765 s

296 1813 530 1875 Jurisnctcrae
540 1821 688 1892 praecepta
700 1829 768 1892 quae
781 1815 841 1875 siut
853 1813 1020 1875 leibnitius
1033 1814 1149 1891 quaerit.
1165 1813 1197 1874 Si
1209 1811 1315 1888 Ulpia·
1369 1853 1373 1859 .
1480 1769 1481 1828 ³

256 1933 295 1981 uc
311 1919 346 1994 ll)
363 1922 391 1979 et
404 1919 573 1980 Justiuianu
586 1921 621 1994 (i)
638 1918 748 1994 credis,
765 1920 827 1980 llaec
840 1924 930 1980 sunt:
949 1939 963 1974 c
985 1916 1111 1986 honeste
1120 1919 1230 1992 vivere,
1240 1917 1316 1978 alle-

256 2039 324 2084 rum
337 2038 395 2084 uun
404 2023 522 2098 laedere,
535 2039 624 2084 suuni
633 2024 740 2100 cuique
752 2023 893 2084 tribuere.
906 2046 920 2079 »
931 2022 1003 2094 Quae
1014 2022 1166 2085 triaomne
1179 2023 1316 2084 naturale

255 2127 304 2208 jus
320 2129 472 2189 continere
487 2127 800 2203 Leibuiticvideutur;
817 2125 924 2204 nempe
934 2127 1011 2204 juris
1025 2127 1114 2204 hujus
1127 2133 1187 2188 tres
1199 2112 1316 2206 gradus

257 2247 326 2296 esse
336 2233 505 2296 existimat:
515 2229 712 2310 videlicetjtcs
727 2229 884 2298 strictum,
897 2231 1086 2312 nequitatem,
1097 2230 1249 2311 pictnlcnc
1262 2231 1313 2307 (3).

297 2335 524 2399 discalciatum
539 2336 613 2402 nibil
630 2335 710 2397 aliud
726 2341 771 2397 cst
787 2335 877 2414 quim
888 2337 938 2413 jus
953 2336 1024 2398 belli
1040 2351 1075 2397 ac
1091 2336 1186 2413 pacis.
1206 2357 1220 2392 c
1236 2336 1315 2398 Nam

258 2441 336 2502 inter
350 2449 510 2518 personam
526 2446 555 2502 et
569 2456 728 2518 personam
744 2441 858 2502 tamdiu
872 2447 918 2502 est
929 2442 980 2518 ius
993 2441 1075 2518 pacis
1087 2439 1228 2517 quamdiu
1238 2441 1317 2502 alter

258 2562 318 2608 nnn
339 2547 449 2622 incepit
469 2545 581 2606 bellum
605 2561 658 2606 seu
673 2545 761 2607 laesit.
786 2545 866 2606 luter
882 2561 1041 2622 personam
1065 2550 1164 2606 autern
1183 2551 1211 2606 et
1235 2559 1314 2619 reru,
1405 2612 1408 2618 ¹
1480 2527 1481 2600 i

259 2650 328 2728 quia
344 2667 392 2712 res
407 2666 466 2711 nen
481 2656 527 2710 est
544 2647 727 2727 intelligens,
744 2655 921 2726 perpetuum
936 2657 982 2711 est
991 2651 1041 2726 ius
1052 2649 1175 2711 belli...
1192 2649 1236 2710 Ex
1253 2663 1316 2726 quo

259 2760 338 2834 patet
359 2754 437 2830 juris
462 2759 574 2814 nalurae
592 2752 667 2813 meri
688 2753 810 2815 unicum
836 2759 1018 2831 preceptum
1039 2769 1108 2815 esse
1131 2772 1138 2816 :
1163 2753 1315 2814 nemiuem

259 2858 377 2935 laedere,
394 2846 431 2920 ue
445 2858 532 2920 detur
546 2858 573 2918 ei
586 2857 635 2934 jus
647 2857 731 2919 belli.
748 2879 762 2914 s

298 2961 457 3044 AEqcitnc
473 2984 488 3019 u
504 2961 629 3040 requirit
644 2967 675 3022 ut
687 2963 717 3022 in
732 2977 801 3023 eum
816 2963 866 3040 qui
880 2977 927 3024 rne
938 2962 1015 3024 laesit
1030 2976 1089 3023 nou
1100 2961 1213 3023 bellum
1224 2961 1317 3022 inter-

260 3069 399 3129 neciuum
416 3067 582 3141 instituam,
593 3064 645 3127 sed
659 3064 695 3126 ad
708 3065 939 3140 restitutionem,
949 3067 1079 3128 arbitrus
1091 3065 1220 3140 admitti,
1233 3065 1314 3142 qued

261 3172 313 3232 tibi
329 3172 408 3234 nolis
424 3171 509 3232 alteri
524 3185 583 3232 uun
599 3169 768 3233 laciendum
783 3188 791 3246 ;
808 3170 878 3230 item
894 3175 925 3232 ut
941 3171 1081 3247 puniatur
1100 3169 1235 3232 nautam
1255 3171 1315 3231 im-

296 3502 331 3575 (1)
350 3503 428 3574 big,
446 3503 478 3556 L.
496 3499 539 3565 10,
553 3501 574 3572 §
589 3499 651 3554 lde
663 3501 778 3572 justiti&
791 3506 820 3554 el
830 3499 908 3570 jure.

296 3625 331 3697 (2)
351 3627 434 3680 Inst..
447 3623 499 3677 lib.
514 3625 539 3691 I,
553 3623 595 3681 iit.
608 3624 631 3687 I,
648 3620 707 3694 §3-

295 3747 329 3820 (3)
350 3749 385 3800 In
403 3746 608 3800 dissertatione
628 3745 727 3799 Codici
743 3745 820 3815 juris
840 3744 971 3815 gentium
990 3743 1176 3817 diplomatico
1195 3743 1317 3817 praefixi
1373 3797 1379 3816 ,

260 3831 364 3886 ecdem
384 3831 470 3884 modo
487 3828 632 3900 justitiam
651 3828 755 3880 dividit
774 3845 896 3898 eamque
921 3828 952 3880 in
970 3835 1029 3882 tres
1048 3830 1154 3900 gradus
1174 3829 1313 3898 partitum

259 3930 385 3984 namque
401 3919 450 3966 aui
461 3913 656 3966 communicativa
671 3917 720 3968 aut
734 3911 915 3968 distributiva
931 3917 980 3964 aut
994 3912 1159 3966 uniuersalis
1173 3917 1226 3965 est.
