2998 4824
615 427 774 490 ..35-

160 605 282 686 publice
294 607 367 668 utile
382 622 417 668 nc
431 605 610 668 damnosum
630 613 687 681 est,
704 604 832 685 pciblted
852 605 882 668 id
898 612 945 669 est
961 604 1091 683 primum
1108 605 1219 669 mundo

163 729 215 774 seu
240 713 307 789 eius
332 711 439 773 rectori
464 712 538 784 Deo,
558 709 666 772 deinde
685 711 787 789 generi
806 712 949 786 humano,
970 710 1099 789 denique
1117 711 1220 787 reipu-

161 817 259 891 blica,
277 815 334 876 bac
358 815 603 877 subordinatione
621 820 654 875 ut
673 815 703 876 in
723 831 796 876 casu
820 815 990 893 pugnantia
1007 815 1146 878 voluntas
1166 829 1220 874 seu

161 921 277 982 utilitas
297 920 363 994 Dei,
381 919 407 980 si
428 917 467 979 ita
486 919 568 995 loqui
589 918 669 993 lieet,
692 919 866 995 pnaelenatur
884 919 1005 980 utilitati
1023 919 1143 996 generis
1162 917 1220 978 bu-

161 1024 255 1098 mani,
271 1029 302 1084 et
316 1023 378 1084 baec
388 1023 508 1084 utilitati
520 1022 703 1099 reipublice,
717 1029 745 1084 et
757 1025 820 1085 baec
830 1023 968 1100 propriso.
978 1021 1055 1083 Hinc
1067 1021 1219 1098 Junispnu-
1250 1085 1252 1088 ,

160 1127 263 1188 dentis
277 1124 401 1192 diodoto,
420 1124 579 1193 homone,
597 1125 702 1187 civilis
718 1127 765 1203 (l).
782 1129 825 1188 be
840 1125 962 1203 propria
976 1131 1076 1187 autem
1091 1124 1220 1187 utilitate

161 1245 262 1308 agene,
279 1245 339 1290 non
348 1225 631 1307 jurisprudentioe,
651 1230 704 1291 sed
717 1229 856 1308 politicen
870 1235 927 1292 est.
945 1251 959 1286 s

200 1331 407 1394 ‹Mornldtos
419 1338 519 1394 autem
535 1348 587 1395 seu
597 1333 715 1410 Justitia
724 1334 770 1396 vel
788 1334 935 1411 injustitia
946 1333 1221 1396 actionisonitunex

160 1438 304 1515 qualitate
319 1450 455 1512 pensons
469 1437 587 1515 agentis
603 1438 633 1498 in
648 1436 753 1500 ordine
771 1435 983 1513 adactionem,
999 1436 1219 1499 exactionibus

163 1540 664 1618 praecedentibusortaquaedicitun
674 1541 814 1622 qualitas
825 1540 976 1602 morulis,
989 1542 1028 1604 Ut
1040 1545 1139 1602 autem
1148 1555 1221 1617 qua·

38 1655 43 1666 ·
89 1635 91 1639 ’
162 1646 230 1706 litas
244 1644 335 1706 neatis
351 1644 381 1704 in
397 1643 502 1706 ordine
516 1642 554 1704 ad
569 1645 717 1706 actionem
728 1644 838 1722 duplex
852 1650 915 1707 est:
931 1645 1062 1722 potentia
1074 1643 1221 1722 agendiet

162 1749 330 1811 necessitas
345 1747 466 1826 agendi,
488 1745 528 1808 itb
547 1749 679 1825 potentia
698 1749 823 1811 moralis
841 1749 952 1811 dicitur
963 1746 1030 1827 jos,
1053 1749 1219 1810 necessitas

161 1852 287 1915 moralis
298 1852 408 1913 dieitur
422 1849 588 1931 obligatio.
607 1875 621 1909 s

202 1977 217 2012 e
234 1953 423 2034 subjeetum
438 1953 604 2036 qualitatis
611 1955 752 2016 morulis
762 1962 809 2018 est
815 1974 961 2036 persona
972 1963 1001 2019 et
1011 1975 1073 2018 res.
1087 1978 1101 2012 u
1115 1957 1149 2017 ln
1160 1965 1220 2033 outo

162 2059 331 2121 Leibnitius
343 2059 498 2136 paululum
509 2074 628 2121 errasse
639 2061 714 2121 mibi
724 2061 852 2123 videtur.
864 2063 990 2138 Nempe,
1003 2066 1035 2122 ut
1046 2060 1219 2136 ejusvenbis

161 2169 239 2239 utun,
264 2163 431 2240 subjeetum
447 2163 524 2240 J'unis
543 2165 591 2226 vel
612 2164 806 2243 obligationis
829 2165 903 2225 nibil
925 2165 1007 2227 aliud
1033 2180 1102 2226 osse
1121 2169 1221 2242 potest

163 2266 636 2346 quiamsubstantienulionolis
653 2268 792 2331 videlieet
804 2283 943 2345 persona,
955 2285 1014 2330 non
1027 2283 1087 2330 nes.
1100 2269 1220 2330 Etenim

163 2373 281 2450 quoties
290 2371 1152 2449 nesoinaedamaliquidjunispenessebabenevident11n‚Jus
1161 2387 1220 2433 non

164 2491 263 2537 nerum
280 2476 426 2552 ipsarum,
444 2475 496 2536 sed
511 2489 614 2536 eanum
630 2475 820 2537 dominorum
836 2481 893 2538 est.
908 2477 974 2539 Non
990 2477 1082 2554 igitun
1097 2474 1221 2538 omninb

163 2585 266 2642 velum
279 2584 325 2640 est
337 2579 367 2640 in
383 2579 464 2640 omni
478 2578 544 2656 June
559 2579 632 2641 reali
649 2595 712 2640 nem
727 2580 923 2658 obligationis
934 2579 1080 2658 sujtsetum
1092 2595 1161 2641 esse
1170 2581 1217 2655 (1).

202 2684 355 2745 Persona
365 2683 435 2746 verb
450 2685 495 2746 vel
510 2682 677 2745 naturalis
691 2691 748 2759 est,
762 2686 839 2746 sicut
851 2686 943 2760 Deus,
962 2685 1099 2764 angelus,
1116 2686 1218 2759 homo,

163 2790 209 2850 vel
228 2787 343 2854 eiot'le‘s,
366 2788 450 2850 verbi
468 2786 564 2865 gnatia
581 2788 753 2866 collegium.
772 2809 786 2843 e
810 2788 873 2874 Sed⁸
887 2789 968 2850 Deus
988 2794 1035 2849 est
1052 2789 1220 2864 subjectum

162 2893 238 2970 juris
251 2893 363 2954 summi
380 2893 409 2953 in
425 2893 537 2966 omnia,
550 2892 663 2953 nullius
674 2891 744 2953 veno
759 2891 965 2970 obligationis,
983 2912 998 2946 a
1015 2890 1087 2962 Quae
1098 2892 1220 2971 quidem

957 3147 1220 3156 -——-———-=

199 3268 234 3339 (1)
255 3269 379 3330 Ibidem,
396 3268 434 3329 II,
448 3265 494 3330 28,
510 3268 531 3338 S
545 3267 572 3321 7.

200 3371 215 3400 «
225 3348 395 3402 Pbitatbtbe.
413 3348 438 3400 Il
451 3367 471 3418 y
485 3365 501 3401 a
516 3349 587 3401 trois
602 3355 695 3403 sontes
710 3350 745 3402 de
761 3348 832 3403 lois:
853 3349 883 3402 la
901 3349 942 3403 loi
957 3349 1066 3414 divine,
1087 3349 1116 3403 la
1126 3348 1167 3403 lei
1181 3350 1221 3403 ei-

164 3432 222 3486 nile
233 3438 263 3484 et
275 3431 305 3484 la
318 3429 360 3484 lei
373 3430 522 3501 d'opinion
534 3432 619 3484 oudo
635 3430 808 3502 rdputation.
824 3433 866 3485 Le
879 3431 1023 3504 premidre
1039 3439 1084 3484 est
1097 3431 1126 3484 la
1140 3430 1221 3502 reglo

164 3514 215 3568 des
224 3511 334 3585 peehes
353 3529 392 3565 ou
406 3513 457 3566 des
468 3513 599 3576 devoins3
617 3513 646 3565 la
656 3514 782 3566 seconde
795 3515 846 3566 des
860 3516 972 3568 actions
983 3514 1172 3577 oriminelleS‚
1182 3531 1222 3568 on

164 3594 350 3658 immoentes;
365 3593 551 3647 latroisibme
563 3595 615 3647 des
631 3602 729 3648 ventus
743 3613 782 3648 ou
797 3596 849 3648 des
863 3596 954 3649 vices.

200 3676 354 3746 Tbe'ophe‘tc.
372 3678 412 3728 La
426 3675 467 3728 loi
482 3676 580 3728 divine
597 3683 642 3730 est
656 3677 692 3730 de
713 3678 790 3730 deux
810 3685 913 3742 sorteS,
934 3677 1078 3731 naturelle
1099 3684 1127 3730 et
1139 3679 1221 3749 posi·
1256 3674 1260 3679 ’

165 3759 233 3812 tine.
250 3761 292 3811 La
306 3757 347 3810 loi
362 3757 450 3810 civile
466 3764 510 3810 est
528 3758 664 3828 positive.
679 3761 720 3811 La
732 3759 772 3812 loi
786 3760 821 3813 de
836 3759 1001 3831 reputation
1019 3777 1056 3814 ne
1075 3759 1177 3814 merite
1193 3760 1221 3814 le

162 3859 232 3894 nom
241 3842 277 3894 de
286 3840 328 3893 loi
337 3840 613 3911 qu'improprement
622 3857 658 3893 ou
669 3842 941 3912 esteompuisesous
954 3841 1193 3896 leloinaturelle.
1206 3863 1220 3892 »

200 3960 235 4032 (2)
255 3962 281 4016 J.
295 3961 329 4014 Β.
345 3961 406 4015 Bon
421 3961 562 4032 praelatio,
579 3964 615 4015 N.
633 3961 676 4014 13.
