2998 4824
655 402 794 460 „¹1-

200 581 377 647 adolescens
396 581 641 660 jurisprudentiae
662 582 775 661 ingenii
801 581 950 660 primitias
973 588 1003 644 et
1026 583 1113 661 quasi
1138 580 1253 658 primos

201 701 320 764 amores
347 685 440 750 dedit.
472 685 580 748 «de
608 686 702 762 enim,
732 687 774 748 ait
802 687 850 762 (ll,
879 701 928 748 me
951 685 1029 763 ,iuris
1057 685 1158 748 studio
1182 684 1253 748 dcs-

202 789 328 852 linaium
350 790 576 866 intellexissem,
600 791 713 866 statim,
732 790 837 851 missis
858 789 1010 864 omnibus,
1028 790 1099 852 illuc
1119 789 1254 850 animum

200 893 314 971 appuli,
344 892 422 956 unde
450 893 545 971 major
573 894 741 956 studiorum
770 894 885 955 fructus
912 892 1136 956 ostendebatur.
1165 893 1255 957 Sensi

200 1002 300 1059 autern
312 1013 453 1076 magnam
467 999 543 1059 mihi
558 997 732 1060 facilitatem
747 997 784 1059 ad
798 997 1066 1075 iurisprudentiam
1080 1011 1255 1074 comparan-

199 1100 270 1162 dam
292 1101 400 1163 afferre
421 1102 521 1178 priora
542 1100 642 1163 studia
663 1101 861 1165 historiarum
882 1106 912 1164 et
933 1100 1143 1178 philosophiae,
1163 1115 1257 1178 qnare

201 1205 284 1284 leges
313 1204 456 1268 facillime
484 1205 689 1286 intelligebam
714 1211 743 1268 et
770 1221 830 1268 non
857 1204 909 1267 diu
940 1206 1058 1268 herens
1082 1205 1113 1266 in
1141 1203 1257 1268 theorid

199 1322 291 1385 quarn
318 1308 400 1371 velut
427 1309 545 1371 facilem
572 1308 788 1386 despiciebam,
817 1308 857 1370 nd
885 1309 989 1386 praxin
1015 1309 1093 1386 iuris
1120 1309 1256 1371 animum

199 1413 315 1502 appuli.
336 1412 408 1474 llrat
424 1413 499 1476 mihi
518 1412 673 1475 amicus...
693 1412 886 1489 provincialis
907 1412 1077 1490 lipsiensis
1098 1428 1188 1490 qnam
1204 1427 1257 1475 vo·

199 1521 269 1584 eant
289 1514 341 1577 die
359 1513 567 1596 Hesperiohte
591 1516 784 1580 consiliarius
807 1531 957 1580 assessor.
985 1517 1015 1579 ls
1036 1523 1066 1579 et
1087 1531 1135 1579 roe
1152 1531 1256 1579 secum

198 1619 327 1683 ducebat
354 1617 435 1697 sape
460 1625 490 1682 et
517 1624 583 1682 acta
607 1612 734 1698 legenda
761 1619 851 1682 dabat
874 1625 903 1683 et
929 1619 989 1698 qua
1013 1611 1128 1684 ratione
1152 1620 1256 1682 conoi-

200 1723 317 1801 piendae
340 1728 443 1786 essent
467 1724 623 1786 sententiae
648 1724 795 1802 exemplis
820 1723 956 1788 docebat.
980 1725 1026 1787 lta
1053 1738 1111 1802 ego
1139 1721 1257 1786 mature

200 1828 232 1889 in
257 1827 346 1904 hujus
372 1828 505 1890 scientia
530 1829 636 1890 intima
660 1828 853 1906 penetrabam
870 1847 879 1905 ;
898 1827 1009 1904 judicis
1030 1828 1112 1890 enim
1132 1843 1256 1904 munere

198 1931 381 2007 delectabar,
403 1931 615 1994 advocatorum
636 1931 786 2006 versutias
808 1930 979 2006 armachan,
1000 1945 1128 2009 eamque
1149 1931 1188 1994 ob
1209 1947 1257 1994 ra-

199 2036 313 2099 tionem
340 2050 493 2114 nunquam
517 2050 627 2097 causas
655 2050 742 2099 orare
764 2034 858 2110 volui,
883 2034 1003 2097 tamatsl
1027 2035 1163 2098 omnium
1185 2049 1256 2099 con·

198 2153 294 2202 sensu
314 2138 413 2202 valide
433 2139 508 2202 satis
529 2144 619 2217 atque
639 2136 708 2216 apte
728 2136 902 2218 germanici
921 2153 1042 2218 quoque
1058 2137 1162 2218 lingna
1178 2139 1256 2202 scri·

199 2243 314 2305 herem.
342 2241 441 2321 Atque
464 2243 522 2305 hoc
549 2241 671 2320 quidem
697 2239 787 2304 modd
814 2241 1019 2318 septendecim
1042 2242 1139 2306 aetatis
1160 2257 1256 2306 annos

199 2347 361 2424 explevi.»

239 2448 337 2526 liujus
357 2448 502 2526 temporis
523 2448 694 2511 studiorum
716 2447 845 2527 vestigia
868 2447 1012 2511 nonnulla
1035 2453 1116 2512 suut.
1141 2445 1257 2526 henpt

197 2567 278 2616 anno
302 2551 493 2626 mudhxtv,
518 2556 551 2614 nt
569 2551 707 2630 magistri
730 2551 929 2628 philosophiae
948 2548 1076 2630 gradum
1104 2551 1255 2628 adipisce-

198 2661 293 2732 retur,
310 2654 543 2732 disputationem
559 2654 731 2732 quamdam,
743 2655 792 2716 eui
808 2669 917 2718 nomen
932 2659 995 2716 erat
1008 2652 1178 2734 Spectmen
1193 2653 1256 2734 dif-

198 2757 352 2840 ficmltotis
368 2757 411 2818 ita·
425 2755 507 2834 imre,
528 2773 581 2819 seu
606 2756 795 2838 questiones
810 2754 1045 2837 philosophiae
1061 2756 1256 2819 amoeniores

200 2880 238 2924 em
255 2860 334 2942 jore
360 2860 502 2928 collectae,
533 2860 638 2923 edidit.
664 2861 728 2924 lloc
752 2861 812 2925 sibi
839 2861 979 2938 inprimis
1004 2862 1201 2939 proponebat,
1223 2868 1257 2926 ut

200 2966 337 3044 exemplo
354 2963 484 3044 quodam
504 2963 729 3042 jurisconsultis
747 2965 952 3042 philosophie
974 2970 1178 3043 contemptum
1200 2965 1255 3029 de-

200 3076 306 3145 meret,
332 3067 374 3132 ild
400 3074 433 3130 ut
460 3067 595 3132 viderent
621 3068 784 3145 «plurima
811 3068 958 3146 suijuris
984 3069 1049 3133 loca
1070 3069 1137 3132 sine
1164 3069 1255 3146 hnjns

200 3173 291 3239 ductu
314 3171 549 3234 inextricabilem
569 3171 773 3250 labyrinthum
795 3172 859 3235 fore
878 3177 908 3236 et
929 3177 1045 3236 veteres
1069 3188 1131 3236 suae
1155 3174 1255 3238 scien·

200 3277 250 3339 tiae
277 3281 413 3338 auctores
439 3280 552 3352 mystas
582 3289 701 3353 quoque
727 3273 882 3353 sapientiae
911 3289 1047 3338 summos
1072 3275 1253 3338 extitisse.»

199 3379 287 3443 Anno
309 3378 456 3457 sequenti,
478 3378 603 3442 alteram
623 3377 859 3455 disputationem
876 3376 1019 3450 defendit,
1042 3379 1159 3442 scilicet
1177 3378 1255 3460 Spe-

199 3482 305 3544 ctmen
334 3479 537 3542 certitudinis
563 3497 620 3542 seta
646 3479 965 3546 demonstrationem
987 3481 1026 3542 itt
1046 3479 1133 3561 jure,
1165 3481 1257 3544 eaht-
1313 3483 1315 3488 '

200 3582 305 3647 bitom
324 3583 363 3646 tn
384 3582 535 3647 doctrice
551 3581 789 3646 conditionem.
811 3583 868 3647 Hic
882 3583 1041 3662 juridicam
1060 3586 1190 3664 logicam
1210 3586 1255 3653 di·
1422 3570 1425 3577 ’

237 3902 272 3972 (1)
291 3904 357 3958 Vita
371 3904 510 3960 Leibnitii
523 3903 540 3956 b
554 3921 586 3958 se
605 3905 669 3976 ipso
684 3905 811 3960 breviter
826 3903 981 3968 delineata,
1003 3904 1079 3976 apud
1095 3903 1256 3958 Qhraoer.
