2998 4824
704 407 861 470 -60-

252 592 333 653 tione
358 587 435 652 lacti
457 603 593 650 errorum
618 588 807 651 obliviscere.
838 587 973 665 lienique
997 589 1042 650 sic
1062 588 1139 650 lnabe
1167 604 1222 651 nos
1243 605 1310 668 quae

252 694 387 758 iacienda
411 693 614 771 discendoque
640 693 776 755 dicemus
799 691 924 754 minime
948 694 1081 772 gentium
1104 696 1206 756 omnia
1225 696 1309 772 ipsos

253 800 362 861 iecisse
374 799 418 861 vel
431 798 593 874 didicisso;
606 797 685 858 absit
697 798 760 859 haee
771 795 789 859 a
801 796 888 858 nobis
897 797 1049 874 jactantia,
1063 799 1133 874 quia
1145 800 1234 860 etiam
1246 801 1310 860 liaeo

152 923 154 927 ·
252 902 372 965 lnobis
388 918 488 965 rerum
511 901 642 980 cognitio
658 900 774 977 abluit;
795 901 848 962 sed
868 917 923 963 nos
943 900 1031 962 crede
1050 901 1135 980 iungi
1154 903 1218 965 vice
1232 905 1309 965 cotis

252 1013 372 1069 acutum
388 1006 511 1068 reddere
526 1021 592 1083 quae
608 1007 695 1082 solet,
709 1020 814 1067 exsors
831 1006 896 1082 ipsa
908 1004 1041 1066 secandi.
1058 1003 1103 1066 lta
1117 1007 1182 1068 vale
1193 1013 1222 1068 et
1236 1024 1309 1070 nos·

252 1117 309 1187 tra,
326 1113 388 1175 sive
404 1113 532 1188 placent,
546 1125 693 1188 sequere;
710 1111 773 1171 sive
788 1109 959 1186 displicent,
976 1109 1095 1186 perfice.
1114 1132 1128 1166 o

659 1557 805 1630 CAPUT
831 1557 877 1626 VI

374 1833 421 1881 DE
447 1830 595 1882 CETERIS
621 1830 790 1880 JURIDIGIS
815 1831 984 1880 LEIBNITII
1009 1831 1181 1882 OPERIBUS
1231 1889 1235 1896 ⁶

290 2061 356 2122 Non
372 2059 458 2135 mihi,
475 2059 553 2120 sicut
564 2056 625 2135 jam
639 2057 713 2132 dixi,
731 2058 760 2118 in
776 2059 930 2135 proposito
945 2065 991 2120 cst
1005 2059 1065 2120 alia
1076 2059 1206 2136 juridica
1217 2060 1310 2122 Leib-

251 2165 316 2225 nitii
345 2178 436 2241 opera
457 2165 576 2241 penitus
602 2163 729 2224 scrutari
755 2171 844 2239 atque
873 2163 1068 2240 perpendere.
1091 2166 1156 2227 Non
1182 2180 1309 2241 possum

250 2274 349 2330 tamen
364 2268 435 2345 quin
451 2283 555 2329 eorum
577 2267 689 2346 optima
704 2265 884 2328 brevissime
900 2282 935 2329 ac
950 2269 1123 2330 summatim
1143 2284 1308 2347 recognos·

250 2388 327 2447 cam,
344 2379 378 2434 ut
392 2373 498 2434 saltem
514 2370 573 2449 qud
588 2371 711 2434 tendant
725 2377 752 2432 et
766 2370 837 2448 quid
854 2371 913 2432 sibi
928 2372 1019 2432 velint
1035 2387 1070 2432 ex
1086 2374 1191 2449 paucis
1206 2372 1309 2434 verbis

250 2482 401 2554 appareat,
425 2491 539 2538 necnon
560 2480 593 2536 ut
617 2491 683 2552 qnae
704 2475 741 2536 de
757 2475 1002 2552 jurisprudentiae
1017 2476 1157 2539 methodo
1179 2477 1310 2538 senserit

249 2587 318 2642 cuin
334 2580 398 2656 ejus
416 2585 581 2642 ceterarum
604 2579 641 2641 de
652 2580 719 2656 jnre
733 2578 938 2641 doctrinarum
953 2596 1078 2658 corpore
1095 2581 1225 2658 quodam
1243 2581 1309 2642 vin-

151 2723 154 2732 =
216 2745 221 2752 ,
250 2685 318 2746 culo
333 2689 558 2746 connectantur.

289 2785 425 2848 Primum
448 2785 520 2864 quid
547 2785 583 2847 de
602 2786 841 2864 jnrisprudentiai
864 2789 1000 2851 Romana
1023 2790 1203 2867 reputaverit
1222 2789 1308 2850 exiri-

250 2893 387 2954 beamus.
407 2892 483 2953 Eam
502 2891 623 2968 quidem
641 2892 729 2969 quasi
750 2893 902 2969 antiquam
924 2894 1025 2971 legum
1046 2894 1180 2955 omnium
1202 2909 1309 2970 paren—

248 3005 308 3060 tem
322 3003 490 3070 veneratur,
505 3011 540 3058 ac
554 2995 672 3057 meritd.
688 2996 813 3074 Nempe,
829 3003 861 3058 ut
876 2997 913 3058 de
929 2997 1086 3058 Germanis
1099 2999 1174 3059 nilnil
1190 2997 1304 3074 dicam,

249 3101 328 3178 apud
352 3114 430 3176 quos
451 3100 645 3162 iustinianeae
667 3100 763 3180 legeS,
791 3101 868 3162 sicut
885 3101 934 3177 jus
961 3101 1187 3178 subsidiarium,
1209 3103 1308 3166 adhuc

248 3205 350 3284 rigent
371 3204 418 3280 (l),
441 3203 519 3282 iuris
541 3205 648 3279 nostri,
671 3212 704 3267 ut
726 3204 766 3267 ita
790 3205 899 3280 dicam,
921 3205 1030 3266 flumen
1052 3208 1188 3283 quamvis
1211 3207 1308 3269 obiter

249 3310 395 3387 plurimas
411 3325 504 3386 aquas
517 3307 638 3370 aliunde
650 3310 811 3386 acceperit,
825 3310 930 3371 Latino
945 3309 983 3370 de
994 3309 1075 3372 fonte
1090 3316 1200 3371 manat.
1213 3311 1308 3372 lllulta

248 3414 279 3474 in
295 3412 589 3474 codicibus-nostris
604 3419 761 3474 versantur
781 3429 857 3490 quae,
877 3414 936 3474 nisi
957 3414 1102 3476 Romanis
1124 3415 1243 3493 legibus
1260 3431 1308 3476 se-

249 3517 320 3580 dulo
335 3517 500 3592 studueris,
514 3517 681 3595 inlelligere
698 3533 842 3594 aequone,
860 3533 912 3579 seu
929 3534 978 3580 res
993 3518 1134 3580 diuturno
1148 3536 1206 3580 usu
1221 3533 1306 3580 oom-

248 3622 380 3698 probalae
395 3626 462 3683 totae
477 3623 641 3699 supersint,
658 3637 711 3683 seu
727 3622 870 3699 paulatim
887 3629 1006 3684 mutatae
1016 3629 1106 3700 atque
1121 3623 1305 3694 adulteratae,

283 3955 328 4026 (l).
346 3958 441 4010 Folclr.
458 3960 475 4012 J
479 3959 616 4012 uristiche
633 3959 860 4031 Encyklopadie.
