2998 4824
631 421 788 484 49..

176 599 267 678 quim
284 601 315 665 in
327 600 467 664 methodo
479 601 607 664 naturali
624 617 672 664 res
688 616 751 663 rem
765 602 892 680 explicet
906 607 934 663 et
950 603 1094 666 memorie
1103 602 1232 681 juvetur.

216 703 324 771 Ulnlm
340 707 388 770 iris
402 705 627 769 conditionibus
640 707 829 770 lustinlunus
848 705 969 770 morem
982 708 1112 786 gesserit
1127 723 1234 783 necne,

177 807 311 886 postedd
326 808 475 871 Leibnitio
490 811 643 887 queritur.
658 811 778 873 Nemini
794 817 894 874 autem
905 811 1081 888 iurisperito
1097 812 1234 891 ignotum

176 919 223 977 est
239 913 414 976 Tribonioni
430 914 604 976 methodum
619 915 710 978 uliam
725 915 755 976 in
768 916 929 990 lnslitutis,
946 917 1037 979 aliem
1052 917 1082 976 in
1098 916 1233 994 Digestis

176 1023 205 1080 et
217 1017 328 1080 Codice
342 1018 448 1080 luisse.
464 1019 595 1095 Etenim,
609 1020 635 1082 si
651 1020 859 1083 Institutiones
874 1021 1065 1098 respicias«
1082 1036 1171 1083 omne
1183 1021 1235 1097 jus

176 1137 237 1200 quo
249 1123 363 1184 utimur
376 1123 422 1184 vel
438 1122 475 1184 nd
487 1141 647 1202 personas
663 1125 790 1201 pertinet
804 1125 850 1187 rel
865 1124 902 1187 ad
917 1143 968 1186 res
980 1125 1027 1187 rel
1042 1125 1079 1186 ed
1095 1123 1235 1185 actiones

178 1227 227 1303 (ll.
245 1249 260 1284 s
282 1228 359 1291 Huic
373 1227 495 1305 quidem
515 1229 667 1305 partitioni
684 1227 710 1304 (i
723 1228 797 1292 Gaio
812 1235 939 1306 sumpte
957 1229 1037 1308 qnod
1051 1229 1235 1291 Leibnitium
1299 1211 1300 1214 '

177 1331 332 1410 fugiebat),
359 1337 486 1410 quotuor
496 1333 657 1396 Iustiniani
673 1333 899 1396 Institutionum
914 1333 997 1408 libri,
1021 1333 1159 1411 quamuis
1174 1348 1235 1395 non

178 1437 244 1500 sinc
259 1436 388 1514 quedam
413 1437 600 1511 confusione,
621 1436 774 1502 obediunt.
797 1439 912 1519 Nempe
933 1438 1050 1515 primus
1072 1436 1109 1502 de
1128 1452 1234 1514 perso·

177 1557 284 1604 uarum
296 1541 363 1618 jure
378 1545 554 1619 potestatem
566 1539 749 1604 dominicam
764 1557 798 1604 ec
810 1542 948 1618 patriam,
966 1543 1098 1619 nuptias,
1110 1542 1235 1604 tutelam

177 1661 212 1708 uo
226 1661 341 1720 euram,
358 1660 478 1710 ornnem
491 1644 631 1709 videlicet
643 1646 673 1708 in
688 1647 772 1723 ipsos
787 1661 933 1723 personas
948 1647 1014 1708 sine
1029 1661 1128 1710 rerum
1141 1647 1234 1709 inter-

176 1756 265 1814 ventu
278 1755 468 1827 potestatem,
484 1750 629 1827 explicam
647 1750 799 1816 secundus
813 1766 847 1816 ac
856 1750 960 1813 tertius
969 1766 1018 1814 res
1029 1749 1234 1825 considerant,

177 1870 231 1920 seu
251 1869 300 1918 res
314 1852 545 1934 principaliter
564 1855 772 1930 interveniunt,
793 1860 901 1920 utnon
920 1859 1000 1918 certo
1020 1869 1159 1930 persono,
1181 1853 1235 1916 sed

177 1965 321 2022 certares
337 1957 456 2036 proprie
473 1964 620 2034 tenentur,
636 1959 715 2036 qrrod
730 1955 777 2020 est
784 1956 842 2041 jus
855 1957 895 2018 in
912 1975 956 2023 re.
975 1963 1025 2020 out
1045 1958 1235 2034 interrivos,

176 2065 247 2126 hinc
262 2063 441 2138 dominium,
457 2064 597 2137 servitus,
618 2064 821 2138 ususfructus,
841 2079 930 2138 usus,
949 2063 1105 2136 habitatio,
1127 2067 1177 2124 out
1199 2077 1236 2126 ex

177 2168 381 2243 successione,
395 2169 465 2230 lrino
476 2168 627 2230 hereditas
639 2168 677 2230 ab
689 2169 829 2232 intestato
842 2168 888 2229 rel
906 2183 942 2228 ex
956 2172 1136 2229 testamento
1145 2186 1153 2243 ;
1163 2167 1235 2228 sire

177 2287 226 2334 ros
237 2271 350 2332 ncinns
361 2270 593 2352 principaliter
606 2273 812 2346 interveniunt,
830 2270 870 2334 itd
882 2278 914 2336 ut
924 2277 1058 2334 teneatur
1069 2277 1150 2332 certa
1166 2285 1235 2346 per·

178 2393 263 2454 sonu,
280 2394 338 2440 uon
354 2377 425 2440 rerd
440 2383 520 2440 certa
535 2392 595 2452 res,
612 2374 675 2438 tirm
690 2373 862 2454 diciturjns
877 2374 919 2436 ad
934 2393 1013 2442 reni,
1032 2375 1112 2452 quod
1127 2379 1173 2436 est
1186 2375 1234 2438 vel

177 2499 213 2546 err
229 2487 383 2546 contractu
398 2482 444 2544 vel
460 2481 546 2560 quasi
562 2497 598 2542 ex
612 2487 778 2556 contractu,
793 2481 839 2542 vol
855 2495 889 2542 ex
905 2479 1013 2541 delicto
1032 2479 1078 2540 vel
1093 2478 1180 2556 quasi
1196 2493 1234 2540 ex

177 2586 296 2650 delicto.
318 2586 364 2648 Ad
389 2592 528 2664 quartum
543 2587 688 2661 actiones,
715 2585 904 2662 exceptiones
929 2589 958 2646 et
975 2584 1105 2661 denique
1121 2582 1235 2660 judicis

177 2691 307 2754 officium
323 2691 484 2768 pertinent.

218 2797 252 2860 ln
267 2796 402 2873 digestis
416 2793 487 2857 roro
508 2810 543 2856 uc
562 2793 671 2858 Codice
692 2809 789 2855 merus
811 2794 952 2872 solusque
972 2793 1105 2856 notiones
1130 2790 1236 2854 ordine

178 2897 290 2964 Edicii
301 2897 450 2979 perpetac'
461 2899 662 2962 Tribonianus
678 2898 838 2960 recensuit.

218 3002 314 3074 Quem
329 3003 451 3081 quidem
467 3003 640 3066 methodum
655 3001 824 3064 Leibnitius
840 3005 868 3062 et
882 3001 1073 3062 vehementer
1086 2998 1236 3075 vituperat

179 3112 207 3170 et
222 3107 254 3167 in
268 3122 320 3170 eos
333 3105 419 3168 valde
431 3107 605 3185 indignatur
619 3106 670 3183 qni
684 3107 731 3167 vel
746 3104 912 3182 approbant
923 3105 969 3166 vel
979 3103 1155 3165 servandam
1166 3105 1236 3164 esse

179 3217 312 3272 censent.
326 3212 497 3273 Praesertim
510 3211 600 3271 medii
612 3210 665 3270 oevi
673 3209 906 3285 iurisconsultus
914 3207 1053 3269 lacessit:
1067 3207 1171 3268 «Salis
1183 3207 1235 3266 he·

178 3315 293 3390 bentes,
303 3315 354 3390 ait,
367 3316 394 3376 si
405 3317 488 3392 loges
500 3315 624 3393 glossis,
632 3313 749 3390 jndices
757 3312 895 3374 consiliis
904 3311 1074 3385 obruerent,
1088 3311 1234 3387 qrremud·

178 3419 300 3502 modum
318 3420 409 3498 igitur
423 3419 555 3497 theologi
567 3419 688 3480 illorum
703 3423 871 3495 temporum
886 3416 923 3478 ed
939 3407 1103 3480 sententias
1117 3419 1146 3475 et
1157 3415 1236 3478 Tho·

179 3538 270 3599 mom,
297 3523 469 3600 philosophi
492 3522 529 3584 od
547 3523 715 3584 summulas
737 3527 765 3584 et
789 3521 993 3596 Aristotelem,
1017 3520 1077 3596 ipsi
1098 3518 1134 3580 nd
1156 3518 1234 3595 juris

214 3783 249 3855 (Ι)
269 3785 352 3846 inse,
365 3783 416 3836 lib.
432 3783 513 3846 utic.
531 3784 584 3844 ΙΙΙ,
601 3802 643 3854 pr.

214 3867 278 3922 Gaii
289 3866 410 3923 comm..
428 3867 451 3928 I,
466 3863 525 3935 §ii

213 3949 290 4020 Dlg,
306 3951 337 4004 L.
350 3949 373 4012 l,
389 3951 424 4004 de
441 3955 517 4004 statu
532 3949 693 4004 hominum.
