2998 4824
723 371 880 434 ..40-

273 551 369 616 reddit
385 557 461 629 part.
478 552 518 628 li,
534 552 611 628 519.
627 551 718 616 Nouae
732 549 863 614 Methodi
879 565 934 614 cur
945 559 975 614 et
988 557 1136 630 quatenus
1152 557 1331 617 testamenta

272 656 334 718 sint
348 656 426 734 juris
444 657 601 732 naturalis,
616 657 728 736 quippe
746 671 814 735 qua
829 655 928 742 magis
949 656 1107 734 ingeniosa
1127 655 1219 736 quam
1233 659 1332 732 solida

272 767 331 828 est,
349 781 366 818 u
879 811 882 818 .

308 864 417 936 Acrior
434 865 525 928 etiam
546 861 743 925 Thomasius
761 879 830 928 esse
847 863 987 939 videtur;
1009 879 1079 926 nam
1100 879 1168 926 eam
1187 865 1328 928 Leibnitii

270 970 449 1032 sententiam
464 971 545 1048 piam
560 985 595 1032 ac
609 968 750 1031 subtilem
762 968 913 1046 appellare
923 967 1012 1030 audet
1022 974 1126 1046 etque
1141 969 1240 1050 magis
1249 969 1327 1048 apud

269 1074 465 1137 dormitantes
481 1072 571 1152 quam
586 1072 666 1151 apud
681 1073 909 1152 expergefactos
921 1073 1122 1149 expromenda
1134 1074 1174 1134 sit
1189 1073 1238 1150 tt).

308 1177 343 1242 J.
365 1177 408 1241 B.
424 1177 500 1238 Bon
519 1178 550 1240 in
569 1178 744 1256 praefatione
770 1178 995 1240 successionem
1018 1179 1273 1243 testamentariam
1292 1193 1327 1241 cx

269 1281 370 1344 anima
383 1282 545 1344 immortali
557 1265 687 1360 pendere
700 1283 766 1360 ipse
781 1287 871 1360 negat
880 1301 890 1357 ;
900 1278 1032 1344 ceterum
1045 1279 1145 1364 utrium
1157 1282 1330 1344 testamenti

269 1386 397 1448 faciendi
410 1387 460 1464 jus
472 1389 608 1450 naturaie
620 1386 707 1448 sitan
718 1383 820 1466 elegis
835 1385 1118 1462 uoluntateoriatur‚
1128 1384 1327 1468 sagacissime

268 1491 375 1570 quaerit
389 1492 437 1568 tt).
1095 1547 1102 1560 .

308 1593 442 1666 Quorum
454 1594 569 1672 judicio
587 1611 647 1658 non
664 1595 919 1660 assentientium
939 1595 965 1657 si
983 1593 1111 1658 dominii
1127 1594 1180 1672 jus
1195 1595 1326 1656 libertati

267 1699 417 1776 bumana,
432 1699 575 1778 tanquam
587 1698 702 1762 laboris
710 1699 839 1761 fructum
851 1699 1024 1777 quemdam,
1034 1699 1180 1766 inhaerere
1191 1699 1324 1774 fatearis,

303 2041 338 2112 (1)
358 2039 595 2105 Dissert.Acad.,
610 2047 630 2092 t.
647 2040 686 2103 ΙΙ,
701 2058 729 2112 Ρ,
745 2038 808 2099 988.
823 2038 902 2110 §1:3.

300 2121 462 2194 Lafmriera.
478 2122 563 2176 Essei
577 2139 628 2175 sur
641 2121 785 2176 l'histoire
800 2122 840 2176 du
854 2123 932 2176 droit
944 2121 1080 2188 franceis
1095 2123 1135 2187 11,
1145 2141 1174 2194 p.
1191 2121 1253 2178 180.

303 2205 360 2258 «Si
371 2205 547 2258 Thomasius
558 2204 636 2257 avait
644 2202 763 2276 penetra
774 2223 814 2257 un
822 2205 954 2277 peuplus
965 2211 1052 2257 avant
1063 2206 1135 2258 dans
1145 2204 1173 2258 le
1187 2204 1259 2259 fond
1272 2206 1324 2260 des

265 2287 382 2352 choses,
397 2285 419 2339 il
434 2286 559 2340 n'aurait
571 2303 623 2359 pas
634 2285 680 2340 ete
690 2286 716 2339 si
731 2288 857 2359 superbe
873 2287 945 2340 dans
961 2304 1015 2340 son
1025 2286 1188 2359 jugement.
1202 2307 1217 2336 a>

302 2408 336 2480 (2)
358 2428 372 2458 r<
386 2407 617 2462 Testamentaria
629 2408 780 2461 successio
796 2407 939 2479 originem
951 2413 980 2462 et
990 2424 1108 2460 causam
1118 2407 1207 2462 hebet
1216 2407 1248 2460 in
1258 2407 1322 2480 ipso

261 2489 329 2561 jure
344 2491 484 2561 gentium,
495 2490 612 2543 videtur
622 2490 701 2543 euim
716 2507 751 2544 ea
764 2489 858 2543 fuisse
872 2489 1009 2542 voluntas
1024 2490 1176 2544 hominum
1192 2507 1324 2543 commu-

263 2589 317 2626 nes
333 2589 380 2626 res
391 2572 586 2625 dividentium
593 2577 628 2624 ut
640 2571 759 2625 domino
775 2571 870 2624 omnis
883 2571 995 2625 utilitas
1015 2573 1227 2626 concederetur
1240 2589 1277 2625 ex
1292 2589 1323 2626 re

262 2653 337 2726 ipsi,
352 2653 401 2707 vel
411 2654 565 2707 occasione
579 2654 622 2706 rei
632 2652 832 2724 proficiscens,
848 2671 914 2724 quae
925 2660 954 2708 et
967 2654 1024 2726 ipsi
1039 2653 1156 2706 domino
1169 2655 1323 2724 prodesset

264 2742 293 2790 et
306 2735 372 2788 aliis
382 2751 441 2788 non
450 2742 584 2799 noceret3
598 2734 648 2805 jus
662 2733 732 2788 vend
749 2735 785 2788 de
796 2752 826 2788 re
838 2735 892 2788 sua
906 2735 1080 2807 disponendi
1090 2752 1144 2788 nec
1159 2734 1226 2787 aliis
1236 2742 1324 2790 nocet

264 2817 315 2889 qui
330 2817 410 2870 idem
420 2815 470 2887 jus
485 2815 613 2870 habituri
626 2822 694 2869 sunt
707 2816 739 2868 in
757 2833 789 2870 re
801 2817 918 2889 propria
937 2823 966 2871 et
983 2817 1056 2870 utile
1076 2817 1194 2871 domino
1214 2817 1322 2888 estqui

262 2900 317 2953 hbe
328 2899 439 2952 ratione
453 2904 482 2952 et
495 2897 574 2952 filios
587 2898 619 2950 in
633 2897 728 2952 officio
744 2899 875 2952 continet
889 2900 963 2953 etde
979 2899 1081 2952 amicis
1094 2901 1321 2954 benemeretur:

262 2998 318 3036 nec
332 2981 407 3034 illud
420 2981 510 3053 objici
524 2986 623 3052 potest
634 2987 901 3052 pertestamentum
915 2981 1079 3035 dominium
1093 2981 1243 3034 transferri
1257 2988 1322 3053 post

262 3064 373 3118 domini
387 3070 519 3126 mortem,
530 3079 564 3115 eo
573 3062 849 3134 videlicettempore
861 3080 919 3133 quo
929 3062 981 3118 ille
993 3064 1045 3134 qui
1058 3063 1221 3116 dominium
1230 3069 1321 3116 trans-

261 3146 318 3200 fert
331 3145 406 3199 iilud
421 3145 546 3217 amplius
565 3161 625 3198 non
637 3144 752 3208 retinet,
774 3146 853 3215 quod
871 3144 989 3199 videtur
1007 3145 1266 3199 contradictionem
1275 3145 1321 3198 in-

261 3227 382 3282 volvere
404 3245 410 3281 ε
430 3244 499 3280 nem
516 3225 610 3298 primd
630 3243 733 3298 reapse
753 3227 916 3280 dominium
933 3227 1085 3281 transferri
1103 3232 1200 3298 potest
1217 3226 1319 3280 ultimo
1349 3229 1352 3233 ’

260 3310 329 3364 vitae
344 3315 501 3372 momento,
518 3308 604 3380 cujus
618 3308 796 3362 incertitudo
809 3309 876 3381 jure
892 3308 973 3362 ciuili
982 3310 1181 3362 Romanorum
1192 3314 1318 3380 spectato

262 3391 395 3446 obstabat
408 3407 445 3444 ne
459 3396 528 3443 tunc
543 3390 682 3460 temporis
698 3390 862 3444 deferretur
874 3391 1035 3455 successio,
1051 3397 1081 3444 at
1093 3390 1208 3444 nullum
1217 3391 1319 3462 hujus·

260 3473 341 3527 modi
356 3471 459 3526 afferre
473 3472 715 3544 impedimentum
727 3471 853 3536 videtur,
876 3473 901 3525 si
914 3473 963 3544 jus
977 3473 1108 3545 gentium
1127 3473 1224 3526 solum
1237 3489 1319 3545 spec-

261 3561 350 3619 tetur;
368 3553 498 3610 secundo
518 3554 674 3626 disponere
695 3555 730 3606 de
750 3555 838 3608 rebus
857 3557 974 3619 nostris,
994 3554 1063 3608 dium
1081 3555 1143 3607 vivi
1159 3573 1270 3619 sumus,
1286 3560 1317 3606 ut

261 3637 415 3709 dispositio
434 3643 639 3708 postmortem
658 3636 736 3690 vires
751 3636 872 3707 incipiet
891 3637 1010 3700 habere,
1034 3637 1211 3690 contrarium
1232 3637 1317 3690 etiam

261 3726 322 3774 erat
336 3719 447 3789 regulis
460 3719 536 3790 juris
552 3719 686 3782 Romani,
702 3721 892 3788 quamobrem
905 3736 1028 3774 neeesse
1044 3719 1100 3772 fuit
1113 3717 1263 3774 fictionem
1274 3719 1316 3771 in·

260 3802 329 3854 duci
343 3808 376 3853 ut
389 3801 515 3872 primum
529 3807 709 3854 momentum
723 3801 824 3854 mortis
839 3801 908 3855 vitae
926 3802 1116 3866 tribueretur;
1138 3802 1191 3856 sed
1210 3800 1315 3873 aprin-

260 3883 345 3954 cipiis
358 3883 433 3954 juris
447 3883 577 3953 gentium
591 3900 688 3953 neque
698 3881 773 3936 illud
787 3883 904 3954 videtur
919 3883 1084 3939 alienum.»
