2998 4824
612 399 769 476 441..

160 601 284 651 neeesse
299 592 345 650 est
362 589 532 652 testamenti
548 589 676 654 faciendi
693 591 745 670 ius
764 607 883 672 quoque
902 607 1062 673 agnoscas.
1083 595 1141 668 Qui
1160 595 1216 662 do·

159 693 260 754 minus
275 698 321 754 est
336 707 398 756 rem
415 710 501 756 suam
516 695 647 760 alienare
661 711 851 776 quorumque
866 699 966 770 modo,
983 700 1044 764 imo
1060 701 1220 778 destruere

159 802 268 874 potest.
285 797 422 858 Donandi
437 798 509 878 ergo
517 799 676 878 justitior
689 806 900 865 testamentum
912 803 982 866 uero
993 805 1067 883 quid
1078 806 1216 868 aliudest

159 900 249 979 quam
264 902 371 963 mortis
386 902 478 964 eausai
492 903 624 980 donatio,
641 911 755 969 retento
770 908 928 971 usufructu
944 911 957 970 ‘t
1005 978 1009 983 ,

196 1006 319 1068 Atenim
334 1005 501 1070 dominium
513 1025 582 1071 eum
596 1009 719 1073 domino
730 1013 924 1090 extinguitur.
939 1012 997 1075 Sed
1009 1013 1082 1091 quid
1094 1011 1174 1089 inde,
1188 1014 1216 1074 si

159 1111 312 1187 dominus,
325 1118 359 1174 ut
373 1111 537 1188 1116116666,
554 1131 616 1176 suae
633 1115 730 1191 ipsius
742 1117 831 1178 morti
844 1118 976 1194 supersit
990 1119 1049 1192 uel,
1065 1119 1218 1196 6666661-

159 1216 389 1292 6111666616666,
406 1217 434 1278 si
448 1223 584 1280 mortuus
599 1217 697 1281 adhue
711 1219 790 1281 rivet
805 1211 994 1299 extinctoque
1009 1237 1135 1299 corpore
1149 1222 1215 1293 ani·
1294 1272 1296 1275 .

158 1335 238 1396 mus,
254 1321 306 1398 qui
320 1321 454 1382 hominis
469 1321 638 1385 substantia
653 1328 710 1398 est,
729 1339 789 1386 non
807 1322 868 1388 661
881 1326 1074 1404 extinguatur
1091 1327 1152 1402 (lli
1171 1325 1220 1389 lta

158 1439 262 1487 66666
291 1431 466 1504 argumenta
492 1427 699 1489 convelluntur
727 1429 790 1505 qui,
815 1430 968 1492 hominem
991 1431 1215 1506 pretiosissimo

159 1535 246 1608 atque
257 1530 417 1596 carissimo
431 1530 544 1593 domini
561 1547 685 1593 munere
699 1533 877 1609 spoliantes,
893 1535 994 1596 omnia
1005 1532 1098 1612 66666
1113 1535 1219 1614 legum

158 1634 317 1696 arbitrium
331 1649 399 1696 esse
410 1633 516 1711 jubent
531 1635 582 1712 (2)-

197 1739 267 1800 llaeo
281 1737 352 1800 6666
366 1739 536 1800 testamenti
556 1739 657 1814 iaotio,
678 1755 744 1818 quae
763 1739 851 1804 nobis
868 1736 1003 1804 naturale
1019 1742 1070 1820 ius
1084 1757 1155 1805 esse
1169 1743 1216 1806 vi-

160 1841 255 1917 detur,
272 1843 402 1904 nullisne
417 1843 564 1904 limitibus
580 1847 756 1906 coercetur?
780 1845 866 1907 Haud
892 1843 933 1906 ita
947 1851 993 1907 est
1017 1861 1053 1908 ae
1069 1848 1213 1909 Leibnitii

160 1946 257 2022 ipsius
270 1945 360 2024 longe
374 1947 433 2009 alia
447 1961 534 2008 mens
545 1952 609 2024 est;
625 1947 737 2025 quippe
748 1949 799 2026 qni
811 1948 889 2026 legis
901 1950 1040 2026 potestati
1051 1949 1216 2028 quidquam

160 2050 314 2113 eouoedat.
329 2041 442 2113 leriam
452 2050 525 2129 quid
539 2050 578 2114 de
591 2051 627 2114 61
641 2066 673 2114 re
685 2053 795 2114 sentiat
809 2067 870 2114 non
881 2053 955 2114 satis
967 2051 1069 2130 aperte
1083 2053 1195 2132 detegit
1207 2074 1217 2130 ;

196 2410 230 2483 (1)
253 2411 395 2482 Troplortp.
411 2411 455 2465 De
470 2409 499 2463 16
512 2408 820 2482 66666161616666616
836 2410 915 2465 Code
930 2409 1009 2474 61611,
1021 2429 1049 2482 p.
1065 2409 1110 2464 35.

196 2513 211 2544 «
226 2496 267 2548 Le
279 2499 434 2547 testament
449 2499 493 2546 est
506 2493 535 2546 16
550 2491 693 2564 triumphe
706 2494 743 2546 de
756 2493 786 2546 16
799 2492 918 2546 6616616
932 2492 1219 2548 1116666616616666

162 2575 324 2630 16661616
339 2575 526 2630 immortelle.
543 2595 560 2625 a

196 2697 231 2768 (2)
250 2698 430 2768 Robespr'erre.
444 2696 574 2751 Histoire
589 2696 862 2768 parlementaire-de
875 2697 905 2751 16
918 2695 1112 2762 11666161166,
1127 2705 1148 2752 t.
1165 2699 1217 2764 lx,

160 2799 179 2852 p
196 2883 211 2914 «
220 2862 371 2918 L'homme
384 2860 488 2934 peut-il
502 2861 636 2932 disposer
648 2861 684 2914 616
700 2868 774 2915 66116
788 2867 864 2916 16666
879 2863 951 2934 qu'il
966 2881 982 2916 6
995 2862 1219 2926 661116661666-

161 2944 232 3015 qu'il
247 2944 459 2998 661161-166666
474 2941 571 2996 6661611
584 2959 621 2996 66
634 2941 833 3014 6666616661»

197 3026 338 3080 1666661661.
355 3027 479 3089 Ibidem,
493 3044 522 3096 p.
537 3023 600 3077 305.

196 3129 211 3160 «
225 3109 257 3162 si
269 3109 330 3162 166
339 3107 492 3162 6666161666
507 3106 643 3162 l'homme
659 3106 826 3160 6166616161
840 3108 875 3163 616
889 3109 1033 3173 66166611
1049 3111 1094 3164 661
1100 3109 1218 3165 6111116116

161 3193 196 3246 de
210 3191 368 3246 666666616
385 3209 427 3244 66
445 3189 587 3244 6661161616
607 3190 684 3244 droit
702 3191 737 3243 de
757 3189 919 3262 666661616;
940 3191 970 3244 16
986 3191 1219 3264 proprietamus

160 3271 239 3326 16161
253 3275 289 3327 de
308 3278 411 3326 661666
431 3279 476 3326 661
492 3271 589 3325 moins
609 3288 648 3324 un
664 3272 741 3325 droit
760 3273 849 3342 qu'un
868 3272 932 3337 fait;
955 3272 1012 3327 elle
1028 3280 1073 3328 661
1091 3275 1219 3328 61661661

160 3355 255 3408 moins
269 3374 310 3408 un
322 3355 398 3408 droit
413 3353 520 3425 qu’elle
536 3353 644 3407 6666116
661 3352 831 3408 6161616666.
842 3353 921 3408 Cette
932 3354 1217 3428 6666661666666166

161 3455 199 3490 66
212 3436 307 3508 pluteo
314 3442 388 3491 66116
398 3437 579 3509 possession,
589 3434 861 3505 661661666161161
871 3437 907 3490 de
917 3437 1122 3509 16666661166,
1133 3455 1217 3493 66666

161 3521 200 3573 616
211 3526 342 3574 moment
356 3537 413 3590 que
428 3518 564 3572 l’homme
585 3535 668 3572 66666
688 3519 852 3590 (16666666.
873 3518 899 3572 Il
917 3521 966 3589 616
984 3535 1001 3572 6
1019 3521 1095 3576 dono
1109 3537 1161 3591 666
1181 3521 1217 3575 616

160 3600 408 3656 transmissibilitr'e
420 3599 562 3673 possible.
574 3600 741 3653 L'individu
749 3601 800 3670 qui
815 3599 987 3672 6166166666
997 3601 1025 3655 16
1035 3603 1162 3673 premier
1170 3621 1218 3656 oe-

162 3691 267 3756 eupant
282 3701 300 3736 6
312 3684 340 3737 16
351 3683 446 3737 meme
462 3685 538 3736 droit
553 3683 680 3752 qu'avait
688 3681 806 3736 66161-61
817 3684 853 3738 616
858 3682 939 3754 jouin
947 3685 982 3738 de
991 3701 1024 3738 66
1035 3683 1105 3754 qu'il
1113 3691 1217 3740 166666

161 3773 273 3821 666661.
292 3767 367 3821 C’est
382 3767 457 3819 dono
471 3763 713 3819 l'e'tablissement
727 3765 793 3818 6661
805 3766 841 3820 de
860 3765 890 3818 16
909 3765 1029 3830 6661616,
1043 3783 1076 3821 66
1090 3773 1158 3822 6661
1171 3767 1217 3822 166

161 3848 216 3902 1616
229 3847 502 3904 conuentionnelles
515 3847 566 3918 qui
575 3853 640 3901 sont
654 3847 683 3902 16
697 3846 839 3904 6661161616
848 3865 953 3906 source
969 3849 1008 3904 616
1023 3850 1217 3922 (1661166666-

160 3931 251 4003 661616
265 3933 338 3986 61616
352 3930 610 3986 1666666661611116.
625 3951 640 3982 »
