2998 4824
737 419 894 480 ..42—

284 598 346 662 imd
361 599 398 662 de
412 600 513 662 animo
525 599 698 676 immortali,
715 605 859 677 quantum
870 600 907 661 ad
915 600 1139 662 successionem
1151 597 1188 660 ab
1200 599 1336 661 intestato

281 710 407 780 spectat,
424 705 449 780 si
462 719 530 766 vera
544 703 644 766 dicere
655 719 779 766 neeesse
790 710 847 779 est,
861 701 1100 781 subtiliusqubm
1111 704 1253 780 sagacius
1268 702 1333 764 dis-

282 808 366 869 serit.
388 807 597 884 Adjiciendum
619 808 710 886 igitur
731 808 819 870 nobis
838 814 884 869 cst
903 808 1129 870 successionem
1149 795 1272 884 quidem
1298 807 1334 868 ab

282 911 422 974 intestato
437 913 511 984 nibil
537 911 618 973 aliud
639 927 707 973 esse
727 911 836 973 debere
857 910 948 989 qu'am
969 911 1101 973 defuncti
1123 915 1334 972 testamentum

282 1014 348 1093 lege
364 1023 579 1093 praesumptum
594 1031 688 1094 coque
703 1016 793 1078 modo
808 1017 918 1078 laetum
935 1031 993 1093 quo
1009 1014 1204 1092 probabiliter
1218 1013 1255 1076 ab
1271 1015 1335 1091 ipso

281 1119 422 1182 defuncto
436 1121 547 1182 lactum
560 1121 668 1182 luisset
682 1139 690 1196 ;
705 1126 917 1182 testamentum
932 1119 1000 1181 verd
1013 1119 1103 1180 certis
1115 1117 1336 1180 conditionibus

281 1239 316 1285 ac
329 1225 477 1285 limitibus
493 1224 613 1301 subjici.
629 1222 744 1301 Nempe
758 1225 896 1301 quamvis
910 1223 1024 1285 domiui
1040 1224 1178 1286 voluutas
1191 1222 1247 1284 sud
1258 1238 1289 1284 re
1300 1223 1336 1284 ad

280 1328 439 1389 arbitrium
450 1329 532 1389 abuti
547 1330 654 1403 valeat,
672 1333 769 1390 tamen
786 1329 880 1405 patris
895 1328 992 1390 officio
1003 1329 1244 1405 minuituratque
1255 1328 1337 1389 cobi-

281 1431 378 1507 betnr‚
395 1434 445 1510 qui
461 1430 553 1509 quium
570 1433 648 1494 lilios
660 1433 811 1511 gignendo
823 1448 875 1494 eos
887 1434 966 1494 alere
978 1438 1007 1494 et
1018 1446 1196 1495 conservare
1210 1436 1257 1492 est
1271 1431 1336 1507 pol-

280 1536 393 1611 licitus,
409 1534 473 1598 tbm
488 1537 566 1598 avita
580 1537 658 1598 bona
673 1537 708 1598 ea
722 1535 811 1598 tacita
828 1536 998 1599 conditione
1021 1537 1133 1613 recepit
1148 1542 1180 1598 ut
1197 1534 1336 1597 restitue-

279 1646 382 1702 rentur
397 1642 444 1717 ttt.
459 1640 645 1718 Quapropter
659 1642 717 1702 lex.
734 1657 800 1718 quae
818 1645 996 1703 testamento
1012 1640 1096 1703 irrito
1110 1641 1157 1703 vel
1173 1641 1248 1702 nulii
1264 1655 1335 1718 sop-

279 1747 351 1822 plot,
369 1745 568 1808 inofficiosum
584 1745 738 1808 rescindit.

318 1952 364 2014 Ad
376 1955 576 2031 propositum,
593 1954 709 2014 scilicet
723 1953 760 2014 ad
766 1951 857 2031 juris
872 1952 1035 2020 elemento,
1050 1969 1116 2031 quae
1127 1968 1163 2014 ex
1173 1951 1335 2033 definitio-

278 2055 375 2119 nibus
388 2064 417 2120 et
428 2057 597 2138 praeceptis
619 2063 769 2133 constant,
787 2072 866 2120 nunc
879 2058 998 2120 tandem
1015 2051 1185 2119 redeamus.

316 2161 533 2241 Definitiooes
550 2162 672 2240 quidem
698 2177 751 2224 seu
773 2163 970 2224 terminorum
989 2161 1188 2239 juridicorum
1206 2161 1335 2238 explica·

276 2267 374 2328 tiones
389 2266 557 2329 Leibnitius
568 2267 646 2328 libro
663 2267 775 2328 includi
790 2267 854 2328 vult
864 2266 915 2343 qui
928 2263 1222 2344 Partitionesjuris
1234 2267 1334 2343 appel-

276 2373 365 2434 letur.
386 2372 421 2432 ln
446 2385 522 2433 novo
536 2367 628 2450 juris
650 2388 785 2450 corpore
809 2370 889 2449 qnod
910 2365 1028 2447 exoptat
1051 2370 1108 2431 tria
1130 2370 1276 2448 requirit:
1302 2375 1333 2431 ut

271 2473 377 2554 plene,
392 2473 539 2541 tirmiter,
553 2473 703 2535 ordinotd
715 2475 933 2537 conscribatur.

314 2575 1134 2658 Proceptoromverdseuregularumpraetereaqubm
1144 2576 1328 2646 maceriam,

275 2681 338 2745 tum
352 2681 501 2762 soronam
515 2683 698 2744 considerat.

313 2785 465 2848 Materte
480 2787 602 2849 nomine
615 2786 656 2847 'ea
670 2784 785 2848 tantbm
806 2786 1014 2862 complectitur
1029 2801 1095 2862 quae
1110 2785 1181 2863 quid
1198 2786 1281 2863 juris·
1292 2787 1330 2847 sit

274 2891 428 2970 proposito
446 2891 547 2969 aliquo
566 2891 643 2952 lacto
659 2889 817 2966 decidunt;
838 2890 950 2951 incerta
966 2889 1048 2964 verb,
1064 2889 1219 2970 abrogata,
1235 2890 1329 2952 mani-

273 2995 362 3070 festa,
378 2995 476 3057 aliena
487 2994 585 3056 omitti
597 2994 692 3071 jobet.

314 3097 477 3158 «Formo
502 3105 719 3175 praeceptorum
737 3098 877 3161 consistit
896 3095 959 3159 tum
985 3098 1014 3158 iu
1038 3097 1237 3175 dispositione
1257 3099 1326 3158 titu-

273 3205 382 3279 lorum,
400 3201 462 3264 tium
475 3201 730 3266 subtitulorum.»

307 3528 342 3600 (1)
361 3529 438 3598 big„
451 3530 483 3581 L.
495 3526 513 3580 7
527 3529 562 3581 de
577 3528 663 3580 bonis
679 3529 890 3581 damnatorum.

307 3632 321 3660 «
337 3609 409 3665 Ciam
422 3611 495 3664 ratio
511 3610 661 3674 naturalis
679 3610 763 3680 quasi
777 3609 825 3663 lex
841 3611 975 3680 quaedam
990 3610 1084 3672 tacita,
1102 3609 1204 3662 liberis
1222 3626 1324 3680 paren-

269 3700 331 3746 tum
349 3693 540 3747 hereditatem
557 3693 714 3756 addiceret,
735 3691 870 3745 velutad
889 3692 1017 3746 debitam
1036 3691 1256 3744 successionem
1275 3707 1324 3744 eos

269 3775 411 3838 vocando,
422 3783 539 3846 propter
554 3775 632 3844 quod
648 3780 677 3826 et
689 3773 793 3844 injure
803 3773 884 3826 civili
898 3791 1010 3825 suorum
1019 3774 1146 3825 heredum
1164 3791 1271 3827 nomen
1282 3772 1323 3826 eis

267 3857 409 3909 indictum
424 3863 476 3920 est,
495 3873 528 3908 ao
540 3873 577 3910 ne
585 3855 698 3927 judicio
714 3856 833 3926 quidem
847 3856 975 3926 parentis
989 3856 1047 3909 nisi
1055 3856 1167 3909 meritis
1183 3855 1324 3909 decausis

270 3939 448 3994 summoveri
464 3940 498 3995 ab
515 3939 550 3992 ed
564 3938 753 3992 successione
768 3944 900 4010 possunt.
917 3958 930 3986 »
