2998 4824
685 372 842 434 ..55-

353 553 560 614 institutiones
570 553 648 630 juris
660 553 800 615 Caesaroi.

222 688 226 698 ,
294 673 296 677 ·
353 657 810 733 iustitutionesjurissaxonici.

352 762 478 824 Summa
493 762 659 825 titulorum.

352 865 449 944 Leges
465 871 637 928 numeratae.

348 969 455 1032 versio
467 971 568 1048 legurn
581 970 768 1032 Germanica.

349 1073 408 1136 Ars
421 1075 656 1136 hermoneutica.

346 1180 362 1240 J
366 1178 429 1240 uris
444 1179 590 1248 naturalis
605 1179 751 1240 elementa
767 1177 1002 1240 demonstrative
1016 1179 1134 1241 tradita.

347 1282 479 1344 Scientia
494 1285 705 1345 nomothetica.
988 1284 990 1288 '

345 1387 533 1450 Breviariunt
548 1389 821 1449 controversiarum
833 1386 1043 1464 iuridicarum.

347 1493 504 1554 Tractatus
520 1497 699 1553 tractatuum
711 1492 901 1555 reformatus.
1004 1493 1007 1500 '

345 1597 533 1659 Bibliotheca
545 1595 635 1674 juris.

345 1700 423 1762 Loca
438 1700 578 1776 classica,
591 1715 644 1762 seu
660 1700 748 1762 sedes
764 1701 967 1762 materiarum.

344 1805 419 1867 Vitae
431 1805 728 1881 iurisconsultorum.

344 1909 555 1986 Repertoriuna
567 1910 656 1986 iuris.

345 2012 503 2075 Pandcetan
515 2013 592 2090 jnris
608 2014 688 2075 novi.

261 2118 327 2179 Non
344 2122 385 2178 tot
400 2125 429 2178 et
444 2122 541 2178 tantos
553 2117 648 2179 libros
663 2119 802 2179 Baconus
817 2115 939 2194 quidem
955 2117 1145 2194 requirebal;
1170 2117 1282 2194 quippe

222 2222 273 2298 qui
290 2223 353 2282 haec
367 2221 478 2283 diceret
493 2239 499 2284 :
519 2243 533 2277 <r
549 2221 588 2283 At
603 2222 759 2283 scientiam
769 2221 846 2298 jnris
861 2227 890 2282 et
905 2222 1066 2298 practicam
1082 2221 1280 2283 auxiliaribus

221 2323 309 2387 libris
322 2341 359 2387 nc
371 2326 514 2401 nudanto,
529 2326 580 2387 secl
592 2327 692 2403 potius
705 2327 885 2387 instruunto.
910 2327 933 2387 li
947 2341 999 2386 sex
1012 2327 1041 2387 in
1053 2341 1161 2404 genere
1170 2330 1277 2386 sunto:

221 2430 440 2505 institutiones,
456 2430 493 2492 de
508 2432 667 2493 verborunr
680 2432 910 2510 significatione,
927 2430 964 2491 cle
977 2431 1090 2510 regulis
1099 2430 1189 2508 juris,
1202 2429 1278 2490 anti-

220 2536 349 2613 quitates
366 2537 478 2614 legum,
496 2552 633 2609 summae,
647 2536 755 2615 agendi
771 2536 907 2598 formulae
919 2537 966 2612 (1).
983 2557 997 2592 o

644 2979 789 3050 CAPUT
815 2981 845 3048 V

325 3250 372 3298 DE
398 3251 700 3300 JURISPRUDENTIA
724 3253 890 3302 DOCENDA
916 3253 1160 3312 DISGENDAQUE

254 3479 451 3541 Generalihus
465 3478 515 3540 his
528 3479 684 3556 expositis
701 3480 737 3542 ad
750 3496 784 3542 ea
799 3496 865 3558 quac
877 3481 1006 3543 tirocinii
1020 3485 1090 3542 sunt
1101 3480 1269 3542 Loibnitius

213 3581 454 3662 decurrit;'quae
475 3583 634 3663 discipulis
658 3586 828 3647 necessaria
852 3587 912 3647 sint
934 3587 1054 3663 exponit
1078 3584 1194 3663 quique
1222 3583 1269 3645 viai

900 3827 1268 3840 *w—

249 3923 283 3993 (l)
305 3927 347 3978 De
363 3925 492 3978 fontibus
504 3925 590 3996 juris
609 3927 738 3978 LXXIX.
