2998 4824
640 451 798 514 ..59-

109 693 116 698 .
227 635 310 696 Hanc
324 633 395 697 verb
409 633 446 695 ad
462 635 708 711 praeparationem
731 633 885 695 biennium
901 633 1109 696 tantummodo
1128 637 1243 712 poscit;

189 739 337 815 reliquum
352 745 471 816 tempus
490 738 610 800 lectioni
625 738 739 814 libera,
757 738 1051 817 peregrinationibus
1066 745 1096 800 ot
1114 741 1244 819 negotiis

188 843 255 904 vitae
269 842 416 905 concedit.

227 948 361 1012 Decurso
373 947 431 1009 hoc
442 947 575 1022 biennio,
592 946 787 1023 discipulum,
800 953 832 1008 ut
848 947 887 1008 ita
898 946 1008 1022 dicam,
1022 949 1205 1010 manumittit
1216 956 1245 1011 et
1347 945 1348 949 ’

188 1052 251 1129 epus
268 1052 373 1114 liberis
392 1051 657 1129 disputationibus,
679 1050 936 1127 meditationibus,
959 1053 1244 1132 investigationibus

188 1155 335 1218 mundum
348 1157 450 1235 legum
462 1155 563 1216 tradit.
576 1154 681 1233 Operae
694 1156 822 1233 pretium
833 1162 879 1218 cst
890 1158 1001 1234 quibus
1011 1159 1113 1220 verbis
1127 1174 1246 1238 quoque

189 1260 271 1339 paene
293 1259 416 1322 fatidico
436 1243 575 1322 seimane
591 1260 731 1337 juvenem
746 1261 797 1321 lali
817 1260 957 1323 methodo
975 1261 1153 1325 instructum
1169 1265 1245 1326 allo-

189 1371 307 1444 quatur.
327 1365 441 1426 «Hunc
456 1380 512 1443 ego
527 1380 630 1426 verum
643 1365 720 1442 juris
733 1366 959 1443 philosophum,
974 1366 1080 1444 inquit,
1093 1369 1173 1430 hunc
1181 1369 1248 1446 jus-

189 1470 261 1530 titiae
273 1468 471 1543 sacerdotem,
485 1470 563 1531 hune
570 1470 790 1548 jurisgentium
802 1475 830 1530 et
841 1470 921 1547 quod
931 1485 1009 1532 exeo
1018 1470 1124 1548 pendet
1133 1473 1244 1549 publici

189 1578 277 1650 atque
291 1573 386 1634 divini
402 1573 573 1635 consultum
586 1572 701 1649 dixero,
719 1574 768 1635 cui
788 1575 884 1650 possit
900 1575 1047 1635 committi
1063 1575 1244 1653 respublica,

189 1691 338 1754 quemque
358 1691 455 1755 neque
471 1676 578 1754 ineptae
594 1681 690 1738 status
706 1677 880 1739 ratiunculae
899 1677 934 1738 ad
950 1679 1118 1741 novandum
1138 1681 1246 1759 impet·
1293 1715 1296 1723 ,

189 1782 262 1856 lant,
285 1795 382 1858 neque
406 1779 424 1841 h
449 1781 651 1858 promovendd
672 1779 793 1859 publicai
816 1782 912 1843 salute
936 1782 1034 1844 inanis
1049 1783 1246 1860 iuridicarum

189 1884 388 1963 quarumdam
404 1887 559 1963 spinarum
572 1891 670 1948 metus
684 1885 831 1946 deterreat
847 1886 893 1962 (ll.
911 1908 925 1941 a

228 1990 434 2052 Perorationis
449 1989 550 2065 modo,
567 1988 735 2050 Leibnitins
750 1990 814 2052 haec
828 1989 946 2067 adjicit:
965 1991 1082 2052 «Plura
1097 2006 1176 2054 nunc
1187 2008 1246 2073 non

113 2087 116 2090 ’
190 2101 369 2155 succurrunt
379 2099 409 2156 et
423 2093 536 2171 aliquid
549 2093 623 2154 mihi
637 2093 817 2155 servandum
828 2100 893 2171 est;
909 2095 1037 2156 revelavi
1050 2101 1149 2156 lamen
1161 2098 1248 2173 plura

190 2196 281 2276 quhm
297 2196 492 2260 destinaram.
506 2198 614 2260 Nullus
631 2212 723 2275 prope
743 2200 951 2276 paragraphus
966 2199 1032 2260 sine
1047 2199 1123 2262 noval
1137 2202 1183 2262 vel
1199 2203 1246 2262 in-

189 2303 329 2364 ventione
347 2303 394 2363 vel
410 2303 661 2378 contemplatione
676 2302 760 2364 abiit.
776 2303 842 2364 Non
862 2303 1001 2381 gloriam,
1021 2303 1073 2364 scd
1088 2305 1247 2367 utilitatem

190 2406 315 2484 quaesivi
331 2406 501 2483 publicam;
521 2406 632 2484 alioqui
649 2421 758 2469 nomen
774 2408 1041 2484 praescripsissem.
1063 2409 1094 2470 Si
1111 2409 1183 2486 quid
1199 2425 1247 2472 mc

191 2509 328 2572 effecisse
348 2510 462 2585 videro,
485 2510 605 2573 tentabo
626 2511 762 2573 minuere
788 2511 975 2589 propositum
1001 2511 1136 2588 proxime
1165 2519 1247 2576 cata-

189 2617 292 2695 logum
308 2615 563 2693 desideratarum
581 2617 627 2677 sin
644 2617 757 2691 minus,
770 2631 827 2694 ego
841 2631 889 2676 me
903 2615 1022 2678 invidiae
1033 2616 1103 2678 noth
1117 2616 1245 2680 absolvi.

191 2721 455 2798 contemptoribus
471 2719 545 2781 satis
564 2720 705 2796 supplicii
727 2720 895 2798 ignorantia
912 2720 978 2782 erit.
995 2721 1101 2782 Veniet
1120 2720 1248 2784 tortasse

192 2825 273 2888 aliud
284 2832 404 2902 tempus
416 2823 540 2902 dignius
555 2829 729 2900 nostraquo
742 2823 899 2886 debellatis
914 2825 993 2887 odiis
1012 2827 1123 2888 veritas
1144 2827 1249 2890 trium-

192 2930 306 3008 phabit.
323 2930 387 2991 lioc
403 2941 520 2989 mertum
535 2932 615 3004 opta,
628 2926 732 3002 lector,
749 2932 778 2988 et
791 2928 868 2990 vale.
883 2950 898 2984 a

231 3035 330 3096 Minus
342 3030 471 3110 superbe
483 3033 512 3092 in
525 3031 697 3110 praelatione
710 3031 823 3093 dixerat
837 3050 844 3094 :
863 3053 877 3088 «
891 3033 993 3095 Sicubi
1006 3035 1146 3111 labimur,
1156 3036 1248 3098 bene-

191 3140 258 3202 vole
273 3141 376 3214 lector,
392 3137 491 3216 cogita
509 3134 599 3214 quam
619 3151 699 3213 saepe
717 3137 803 3198 utilia
824 3137 1005 3200 suadeamus
1021 3146 1051 3201 et
1068 3155 1248 3218 compensa·

229 3485 263 3558 (l)
287 3487 430 3558 Ulpianus.
449 3488 527 3558 hig,
544 3489 577 3540 L.
595 3485 620 3550 l,
634 3485 655 3556 §
669 3485 694 3549 l,
712 3488 747 3540 de
760 3485 874 3558 justitia
890 3492 918 3539 et
929 3485 1006 3556 jure.

229 3591 243 3620 «
259 3569 350 3640 Cujus
365 3568 469 3623 merito
486 3569 551 3639 quis
567 3586 621 3623 nos
637 3570 803 3623 sacerdotes
814 3567 952 3640 appellet,
964 3567 1108 3638 justitiam
1122 3587 1248 3642 namque

192 3652 327 3714 colimus,
345 3659 374 3706 et
387 3651 457 3705 boni
475 3657 504 3704 et
518 3652 595 3720 aequi
611 3643 744 3704 notitiam
757 3649 937 3722 profitemur,
959 3667 1075 3720 aequum
1095 3653 1131 3706 ab
1146 3652 1248 3723 iniquo

193 3741 370 3805 separantes,
383 3734 496 3786 licitum
511 3733 660 3787 abillieito
670 3735 879 3797 discernentes
890 3735 983 3788 bonos
998 3735 1161 3788 nonsolum
1168 3743 1249 3790 metu

191 3811 354 3890 poenarum,
370 3815 569 3870 verumetiam
583 3818 771 3888 praemiorum
786 3833 904 3887 quoque
920 3816 1120 3872 exhortatione
1134 3817 1248 3872 efficere

191 3899 352 3970 cupientes,
369 3916 479 3963 veram,
495 3900 553 3952 nisi
568 3899 663 3964 fallor,
676 3899 901 3972 philosophiam,
913 3917 973 3954 non
981 3899 1146 3954 simulatam
1161 3899 1249 3954 affee-

192 3989 295 4036 tantes
314 4003 328 4032 a
