2998 4824
706 435 863 496 ,58-

254 619 466 699 deprehendet.
480 617 699 698 derogatorum
712 617 782 680 vero
797 617 897 680 studio
913 631 992 678 nnnc
1007 617 1106 678 locum
1121 630 1190 677 esse
1205 615 1309 677 existi-

255 734 334 804 mat;
354 726 414 789 imi
426 726 503 803 juris
516 724 622 786 cultori
635 721 697 800 jam
712 719 854 801 coltcpiis
872 718 1100 800 disputatoriis
1120 735 1308 790 assuescere,

254 833 355 894 curias
370 831 460 894 etiam
472 836 499 892 et
508 829 621 907 judicia
633 827 820 906 frequentare
831 831 860 888 et
871 822 1081 905 actapublice
1093 825 1228 887 evolvere
1240 839 1308 902 per-

255 937 357 998 mittit.

295 1038 512 1103 (turriculum
531 1035 729 1119 potamicum
744 1036 779 1114 (l)
802 1037 860 1098 sibi
880 1050 991 1097 annum
1010 1033 1147 1112 depaseit
1167 1035 1228 1112 qui.
1240 1033 1310 1096 bre-

255 1147 350 1208 viario
366 1145 637 1207 controversiarum
653 1141 788 1204 dedatur.
805 1141 860 1203 llic
875 1140 1036 1219 collegium
1052 1139 1202 1217 quoddam
1218 1139 1311 1200 inter-

255 1251 337 1312 venit
350 1249 430 1328 quod
449 1247 466 1310 a
482 1247 630 1310 Leihnitio
646 1244 904 1326 disputatoriam
919 1252 948 1306 et
959 1241 1144 1332 practicam
1163 1245 1199 1320 (ἲ)
1216 1245 1312 1306 nomi-

256 1360 354 1416 natur.
378 1353 494 1431 Quippe
513 1351 593 1430 quod
617 1367 652 1412 ex
672 1351 728 1412 Xll
747 1350 879 1412 alumnis
899 1347 1032 1427 quotidie
1050 1349 1107 1410 Xll
1129 1349 1311 1427 quaestiones

256 1459 344 1537 quasi
360 1455 767 1531 eausasorantibusconstet,
777 1453 817 1516 ita
828 1460 860 1517 ut
874 1453 1016 1516 MMMDC
1031 1454 1192 1530 quotannis
1208 1467 1313 1532 recog·

256 1569 430 1625 noscantur.
447 1561 481 1623 ln
497 1560 645 1638 ejusmodi
656 1560 870 1623 controversiis
881 1575 941 1621 non
954 1557 1151 1636 syllogistico,
1168 1557 1220 1618 sed
1232 1555 1313 1634 jndi-

256 1667 350 1730 ciario
366 1666 456 1729 modo
470 1670 541 1728 etex
556 1663 913 1743 temporedisputandum
925 1677 993 1724 esse
1009 1661 1175 1724 Leibnitius
1187 1667 1310 1724 censet:

257 1771 307 1833 die
322 1772 469 1849 proximo,
493 1775 582 1831 actor
597 1787 652 1830 reo
672 1785 707 1831 ae
722 1766 860 1849 prasidi
885 1783 989 1829 casum
1004 1766 1248 1841 communicabit,
1264 1766 1314 1828 die

257 1875 337 1938 dieto
352 1891 475 1937 eausam
492 1874 607 1950 orabit;
627 1889 698 1936 rens
713 1871 925 1950 respondebit;
946 1872 1180 1948 reciprocatione
1194 1870 1251 1934 liae
1265 1871 1313 1932 bis

258 1979 346 2055 laeta,
363 1994 476 2056 praeses
488 1979 667 2039 sententiam
682 1978 841 2055 concipiet.

299 2083 391 2161 Cuius
406 2081 538 2144 methodi
551 2098 617 2159 quae
632 2087 801 2159 quantaque
814 2081 875 2141 sint
889 2079 1046 2142 commoda
1058 2081 1126 2157 quis
1138 2081 1242 2159 estqui
1255 2095 1314 2143 non

257 2189 379 2252 videat?
393 2187 512 2250 Etenim
528 2185 568 2247 ita
583 2192 702 2263 tempus
713 2185 877 2246 inutilibus
889 2183 1158 2246 declamationibus
1170 2200 1229 2247 non
1241 2186 1314 2247 teri-

258 2299 324 2370 tur;
341 2292 441 2355 omnia
454 2291 531 2368 juris
545 2289 706 2368 penetralia
723 2289 866 2367 paulatim
883 2287 1080 2366 indagantur:
1098 2287 1217 2366 publice
1231 2291 1314 2368 loqui

258 2391 1316 2472 discunt,imdsermonemcontinuare,multarumadversariirespon·
1424 2386 1427 2391 ’

260 2504 380 2565 sionum
392 2501 568 2562 meminisse
579 2514 691 2576 easque
701 2497 848 2571 refellere,
861 2496 990 2573 denique
999 2497 1236 2576 vimargumenti
1249 2513 1316 2575 per·

260 2606 359 2683 cipere
374 2611 403 2667 et
418 2606 558 2667 latentem
570 2600 1159 2680 erroremdetegereNempeLeibnitius
1170 2617 1315 2664 vanorum

259 2726 294 2772 ae
309 2709 577 2788 grandiloquorum
600 2707 647 2768 vel
663 2705 821 2768 verborum
841 2706 887 2766 rel
910 2705 1155 2784 syllogismorum
1173 2705 1316 2784 tanqudm

260 2813 329 2876 odio
346 2818 544 2890 permovetur.
563 2811 734 2885 «hirenes,
757 2810 864 2886 inquit,
882 2810 912 2869 in
932 2807 1103 2872 Academiis
1119 2811 1261 2887 paulatim
1278 2811 1316 2872 ad

260 2934 350 2980 usum
363 2917 533 2980 eommunis
547 2916 615 2978 vitae
630 2921 700 2977 sunt
715 2913 913 2992 praeparandi.
930 2937 943 2970 »

297 3270 332 3342 (1)
351 3272 516 3323 Noureaux
531 3269 640 3331 Essais,
653 3269 703 3330 IV,
720 3268 746 3330 7,
763 3269 784 3338 g
797 3266 840 3320 11.

298 3373 312 3401 ‹<
322 3353 399 3405 L’art
413 3351 448 3404 de
463 3351 594 3421 disputes
608 3367 646 3402 ou
657 3350 692 3403 de
702 3351 859 3403 combattre
869 3367 921 3422 par
929 3351 1041 3404 raisons
1051 3350 1098 3421 (οὐ
1103 3350 1133 3421 je
1145 3353 1317 3422 comprends

261 3439 300 3492 ici
316 3436 495 3509 l’allegation
513 3438 564 3490 des
583 3435 723 3490 autoritis
744 3444 772 3490 et
793 3438 845 3490 des
864 3437 1022 3509 exemplos)
1042 3445 1085 3492 est
1105 3438 1269 3510 tres-grand
1289 3445 1319 3492 et

261 3522 506 3592 tres-important3
527 3520 601 3573 mais
620 3537 672 3590 par
690 3520 824 3574 malheur
843 3519 865 3572 il
884 3526 929 3572 est
943 3519 1000 3573 fort
1016 3520 1074 3573 mal
1089 3520 1179 3591 segle,
1201 3527 1229 3574 et
1247 3523 1319 3574 e'est

262 3606 342 3658 aussi
357 3621 432 3676 pour
444 3601 508 3656 cela
523 3621 579 3673 que
596 3610 721 3656 sourent
736 3621 773 3656 an
783 3620 819 3656 ne
836 3601 953 3656 conelut
967 3603 1031 3657 rien
1046 3621 1085 3657 ou
1100 3606 1188 3674 qu'on
1201 3603 1319 3656 conclut

261 3687 329 3740 mal.
347 3707 361 3737 n

300 3809 334 3880 (a)
353 3809 476 3871 Ibidem,
493 3809 543 3871 IV,
558 3806 600 3871 16,
615 3808 636 3878 S
650 3807 676 3859 5.

299 3911 314 3939 ‹<
330 3891 422 3944 Toute
433 3888 461 3942 la
476 3890 569 3944 forme
585 3892 636 3944 des
652 3890 829 3962 procedures
846 3907 882 3944 en
890 3891 1168 3962 justieen’estautre
1180 3892 1269 3946 chose
1281 3909 1320 3946 en

263 3971 331 4026 effet
344 3974 450 4043 qu'une
462 3971 565 4044 espeee
582 3975 617 4027 de
633 3973 751 4046 logique
767 3973 920 4046 appliquee
937 3992 993 4028 aux
1002 3975 1153 4044 questions
1162 3975 1290 4029 dedroit.
1303 3996 1317 4024 >›
