2998 4824
721 413 879 474 ..22-

269 596 385 657 sionem
400 596 569 673 vituperare
584 595 689 670 nolim,
706 595 765 673 qna
783 596 975 674 philosophia
989 596 1139 658 abstracta
1157 595 1174 658 a
1189 596 1325 672 concreti

267 700 470 779 distinguatur
484 699 602 778 quaque
612 700 684 762 hinc
699 701 858 778 principia,
876 701 957 764 ittinc
973 716 1033 776 res,
1045 707 1077 762 ut
1089 701 1129 762 ita
1140 701 1249 776 dicam,
1262 702 1324 764 col-

267 806 413 868 locentur.
430 805 489 866 Sed
505 806 563 867 ista
581 804 701 866 tandem
721 805 963 884 cosmographia,
981 806 1197 869 astronomiam
1217 812 1245 866 ot
1259 807 1323 867 his-

266 909 374 972 toriam
389 909 557 984 continens,
569 924 636 987 quae
645 907 728 970 extra
741 909 955 986 praecedentem
968 911 1158 986 partitionem
1174 915 1321 984 versatur,

265 1028 364 1076 nonne
374 1013 537 1091 quidquam
551 1010 660 1090 pariam
669 1013 777 1076 rationi
790 1029 956 1092 congruum
969 1015 999 1074 in
1013 1013 1170 1076 sehabet?
1185 1013 1322 1075 Coterdm

265 1117 313 1178 bis
330 1117 438 1179 iisdem
456 1116 559 1192 rebus,
576 1115 674 1194 primo
689 1117 856 1192 abstractae,
877 1117 946 1179 dein
962 1124 1106 1180 concretae
1125 1118 1323 1195 pnttosophiae

265 1223 399 1296 nomine,
417 1221 562 1282 inservire
578 1217 676 1283 otrdm
694 1222 792 1300 logica
812 1221 936 1284 suadet?
951 1222 1040 1296 Malo,
1061 1221 1156 1284 iateor
1170 1222 1320 1299 equidem,

264 1341 323 1388 non
340 1325 430 1388 modo
446 1326 648 1388 Bacouianam
663 1325 892 1402 disciplinarum
909 1326 1098 1402 partitionem
1114 1341 1205 1403 quam
1221 1327 1321 1405 magni
1402 1329 1404 1334 “

264 1433 409 1494 nimirum
423 1431 479 1494 viri
496 1431 590 1492 secuti
608 1435 678 1492 sunt
694 1431 743 1506 (t),
760 1430 813 1492 sed
830 1430 913 1491 ittam
931 1431 1020 1492 etiam
1041 1446 1094 1507 per
1112 1447 1202 1508 quam
1222 1432 1321 1494 scion-
1403 1459 1408 1468 ·

261 1538 372 1598 tiarnm
388 1537 444 1597 tria
459 1537 545 1614 quasi
567 1535 688 1613 agmina
708 1541 984 1612 recognoscuntur:
1006 1551 1099 1596 unum
1115 1534 1195 1613 qnod
1210 1541 1322 1598 naturae

263 1641 490 1719 inquisitionem
512 1641 571 1702 sihi
597 1640 748 1717 proponit,
773 1640 836 1702 sive
860 1641 1040 1702 naturalium
1067 1655 1102 1701 ac
1129 1640 1320 1716 physicarum

263 1745 456 1808 scientiarum
471 1764 478 1821 ;
495 1745 622 1806 atterum
638 1742 718 1820 quod
733 1741 901 1804 abstractas
920 1758 1020 1804 rerum
1034 1743 1121 1805 dotes
1141 1741 1321 1805 exactissmd

261 1848 418 1923 describit,
436 1849 499 1910 sive
514 1847 709 1909 scientiarum
732 1847 1033 1924 mathematicorum3
1053 1848 1172 1910 tertium
1189 1847 1267 1924 quod
1283 1847 1321 1908 ad

262 1953 424 2014 humanam
438 1958 567 2013 mentem
575 1951 732 2028 Deumque
743 1951 878 2028 respicit,
888 1951 963 2026 sive,
976 1956 1008 2012 ut
1022 1951 1115 2025 aiunt,
1126 1951 1319 2013 scientiarum

265 2056 435 2118 moratium.

684 2397 829 2468 CAPUT
855 2397 902 2467 111
993 2416 998 2432 ·

588 2619 634 2666 DE
660 2618 758 2667 MODO
786 2617 989 2668 STUDIORUM

299 2794 404 2872 Operm
433 2796 561 2872 pretium
586 2802 632 2856 est
658 2812 717 2873 qno
744 2796 833 2858 modo
859 2795 977 2874 quaqua
1006 2798 1120 2858 rationo
1148 2796 1314 2874 discipulos

259 2898 414 2961 informari
437 2906 524 2978 atque
544 2901 651 2962 instrui
672 2903 871 2979 philosophus
892 2907 994 2963 nostor
1014 2901 1086 2962 vetit
1107 2900 1311 2962 considerare.

252 3185 344 3256 justo.
364 3183 450 3237 Enfin
469 3184 498 3237 la
516 3183 664 3240 troisidmo
685 3193 730 3240 631
748 3187 776 3239 la
796 3188 901 3258 que'quo
921 3205 959 3240 ou
981 3187 1007 3238 {a
1026 3186 1239 3239 connaissance
1259 3185 1312 3237 des

257 3266 367 3337 signos

294 3387 418 3402 .......
439 3349 465 3400 It
480 3367 499 3418 p
514 3366 530 3401 a
545 3365 651 3403 encore
667 3367 724 3404 nne
734 3351 863 3404 division
873 3351 961 3405 civile
972 3351 1166 3405 desscienoes
1178 3350 1257 3404 selon
1268 3340 1320 3402 163Ι

254 3429 379 3484 foenices
395 3430 481 3484 61163
496 3430 687 3502 03016331003.
709 3452 723 3482 ›>

255 3527 257 3532 ’
291 3524 326 3596 (1)
347 3526 527 3579 D'Alonabort.
540 3526 680 3579 Discours
696 3527 893 3598 pretiminaire
908 3529 943 3581 de
959 3527 1204 3598 l'Enoyclopedio.

291 3627 305 3658 «
319 3608 374 3662 Ces
394 3608 465 3661 trois
480 3606 603 3660 sannices
621 3607 747 3662 forment
765 3611 884 3662 d’abord
902 3609 947 3663 163
967 3610 1038 3662 13013
1058 3610 1202 3663 divisions
1223 3607 1310 3678 gene-

253 3689 330 3742 rales
343 3691 379 3743 do
393 3696 476 3743 notro
491 3688 618 3758 systeme
631 3690 717 3744 61163
732 3692 803 3744 13013
823 3691 917 3762 objets
938 3691 1086 3763 generans
1104 3692 1156 3745 des
1176 3690 1310 3744 connais-

254 3787 358 3825 sanoes
372 3771 545 3824 humainos:
561 3771 703 3826 l'histoire
716 3773 807 3842 quise
822 3780 954 3844 33000316
971 3773 987 3826 ὲ
1001 3773 1030 3824 ta
1041 3772 1190 3835 3361330136,
1206 3772 1234 3825 la
1248 3770 1309 3842 phi·

253 3852 386 3923 losophie
403 3853 453 3923 qui
468 3859 513 3906 631
527 3852 554 3906 16
567 3853 636 3906 fruit·
645 3855 679 3908 de
688 3854 717 3907 la
726 3855 834 3919 raison,
850 3855 932 3908 61163
945 3853 1309 3926 beaux-artsquel'imagi-

253 3934 353 3988 nation
362 3934 415 3987 tait
426 3935 528 3989 naitre.
544 3955 559 3985 »
