2998 4824
723 401 881 463 ..pp-

275 584 361 660 linre,
382 589 414 645 ut
433 582 512 661 saepo
529 583 585 645 sub
607 584 711 661 paucis
725 583 826 645 verbis
848 583 1005 662 ingeniosa
1024 587 1186 660 systemata
1208 587 1236 644 et
1258 597 1335 660 pro-

275 687 374 750 lundae
391 689 501 750 lateant
520 687 740 762 meditationes,
763 701 830 764 quae
849 687 938 748 latius
958 686 1111 764 explicate
1133 686 1334 748 scientiarum

275 791 452 870 progressui
473 790 600 852 multum
625 795 752 866 possunt
773 789 962 868 prodesse.»

315 894 411 971 Hujus
433 895 524 973 igilur
542 895 653 971 operis,
675 893 732 954 etsi
755 891 849 969 paene,
873 894 900 954 si
923 899 1057 970 tempora
1082 877 1335 972 respicias,'om-

276 999 360 1060 nium
378 997 512 1074 ejusdem
532 997 662 1059 crucieris
682 997 822 1074 princeps
844 997 894 1072 sit,
916 997 1095 1074 Leibnitius,
1115 996 1177 1076 jam
1198 998 1335 1062 celeber-

278 1103 375 1164 rimus
396 1102 503 1176 lactuS,
526 1103 702 1164 meminisse
727 1107 756 1164 et
780 1101 901 1180 quidem
921 1117 980 1164 nou
1005 1102 1071 1164 sine
1093 1102 1236 1180 superine
1255 1102 1338 1181 qua-

277 1205 346 1267 dam
372 1205 509 1284 legitima
529 1211 654 1283 poterat.
680 1205 778 1276 Quare
799 1208 893 1268 miror
917 1205 1055 1283 equidem
1080 1221 1148 1268 eum
1171 1205 1274 1284 posted
1294 1208 1339 1270 dc

278 1311 335 1370 lroe
355 1323 445 1386 opere
465 1307 581 1370 tantum
602 1324 661 1371 non
682 1310 878 1387 contemptim
900 1310 1032 1372 loculum
1058 1311 1274 1390 esseilempe
1295 1312 1339 1374 ad

278 1413 453 1475 Vincentem
492 1413 656 1488 Placcium,
686 1428 793 1476 novem
822 1420 1026 1490 postumus,
1064 1415 1128 1477 lraec
1156 1414 1337 1482 scribebat:

280 1516 470 1579 «Methodus
488 1532 564 1579 nova
587 1516 724 1579 discendi
742 1517 928 1595 docendique
953 1517 1030 1595 juris
1055 1517 1132 1580 liber
1155 1524 1202 1580 est
1222 1518 1342 1581 effusus

279 1618 497 1698 potiusquam
526 1621 669 1698 scriptus,
699 1621 729 1682 in
758 1621 875 1696 itinere,
905 1621 970 1683 sine
998 1621 1098 1697 libris,
1119 1622 1184 1684 siue
1203 1622 1342 1700 poliendi

279 1726 366 1801 olio;
390 1724 524 1802 alioquin
545 1723 633 1787 laeile
651 1724 757 1788 credas
772 1725 906 1788 exactius
927 1724 1071 1803 quiddam
1093 1724 1110 1787 d
1131 1741 1179 1788 me
1200 1726 1344 1804 poluisse

279 1828 365 1891 dari:
387 1826 529 1905 proterea
544 1830 638 1891 multa
654 1835 725 1891 sunt
743 1844 810 1907 quae
824 1844 904 1891 nunc
922 1843 960 1890 ne
975 1829 1069 1906 probo
1088 1829 1221 1908 quidem.
1239 1829 1344 1900 Quare

280 1932 359 2011 quod
372 1932 417 1993 ais
436 1933 465 1992 in
482 1934 635 1995 nonnullis
653 1939 682 1996 te
700 1933 875 2010 dissentire,
892 1950 951 1998 non
972 1936 1065 1998 miror
1082 1955 1090 2011 ;
1111 1951 1179 1997 nam
1195 1951 1250 2015 ego
1264 1951 1345 2016 quo

280 2052 338 2115 que
359 2040 505 2099 mutarem
526 2052 585 2099 non
607 2052 712 2114 pauca,
735 2038 761 2098 si
780 2035 859 2100 male
880 2042 1030 2100 tornatum
1053 2053 1131 2117 opus
1149 2039 1250 2102 incudi
1271 2041 1345 2103 red-

280 2142 351 2204 dere
372 2142 487 2204 liceret.
514 2140 582 2202 Scis
603 2140 654 2201 ulri
674 2140 791 2217 primus
817 2141 969 2204 scribendi
992 2141 1075 2206 calor
1095 2142 1255 2220 deferbuit,
1283 2161 1343 2209 nos

281 2245 370 2308 nobis
394 2245 471 2322 ipsis
488 2242 738 2336 maturiorejam
757 2244 870 2322 judicio
893 2245 1066 2323 displicere.
1093 2247 1152 2309 Sed
1177 2253 1206 2310 et
1229 2249 1344 2334 amicis

281 2357 352 2412 tunc
368 2348 530 2412 obsecutus
550 2363 618 2410 sum
639 2348 691 2426 qui
712 2347 884 2410 festinatam
906 2349 976 2412 licet
997 2350 1245 2428 scriptiunculam
1262 2352 1343 2414 milri

283 2455 419 2517 notitiam
447 2467 625 2532 magnorum
653 2453 785 2514 uirorum
814 2458 843 2514 et
871 2452 1002 2515 savorem
1036 2454 1205 2532 principum
1234 2471 1344 2533 parare

283 2573 374 2636 posse
394 2573 453 2620 non
470 2571 506 2618 ex
519 2571 595 2619 vano
611 2556 776 2633 conjacere.
797 2556 855 2618 Sed
875 2561 903 2618 et
921 2557 1063 2618 nonnulla
1078 2556 1139 2618 dixi
1159 2573 1288 2635 quorum
1303 2574 1345 2621 ne

284 2677 363 2724 nune
389 2660 511 2739 quidem
540 2661 670 2739 poenitet.
696 2659 755 2722 Sed
778 2659 816 2721 de
845 2659 905 2721 lato
932 2659 1000 2720 libri
1026 2659 1139 2722 drrdum
1166 2658 1185 2722 a
1211 2677 1259 2723 me
1285 2677 1344 2739 pro

283 2766 426 2829 derelicto
450 2765 545 2826 habiti
570 2781 629 2828 non
651 2780 719 2827 sum
744 2764 906 2827 admodum
932 2765 1093 2840 sollicitus,
1119 2781 1175 2828 nec
1199 2767 1344 2844 cuiquam

284 2871 350 2949 eius
370 2869 489 2933 censori
514 2883 677 2932 succenseo
700 2869 782 2945 lit.»

324 2975 381 3037 llic
401 2974 534 3037 severior
556 2974 585 3034 in
608 2989 641 3036 se
658 2972 827 3035 Leibnitius
851 2973 947 3034 luisse
970 2972 1044 3033 milri
1067 2973 1194 3048 videtum
1215 2971 1341 3047 etenim,

286 3085 318 3142 ut
339 3078 380 3140 ait
410 3076 550 3156 Woltius
572 3077 608 3154 (a)
630 3076 682 3154 qui
704 3076 854 3139 interdum
870 3077 900 3137 in
921 3077 1094 3154 praefatione
1114 3082 1143 3140 et
1164 3076 1229 3153 ipse
1246 3075 1344 3137 nimici

324 3519 359 3591 (l)
374 3519 460 3591 Apud
475 3518 589 3581 Dolens,
606 3524 626 3570 t.
642 3517 692 3580 VI,
708 3535 737 3588 p.
750 3515 778 3568 4.
1252 3583 1255 3588 Ι

321 3615 432 3668 Eadem
451 3614 487 3666 ed
506 3612 693 3681 Be'erlc'nqc'um
709 3612 835 3665 amicum
859 3611 1021 3667 Leibnitius
1041 3610 1195 3666 scribebat.
1216 3611 1246 3662 T.
1268 3608 1290 3673 I,
1311 3627 1341 3680 p.

286 3695 348 3752 379.

324 3835 359 3907 (2)
379 3836 458 3889 Inter
471 3851 523 3889 eos
538 3835 588 3905 qui
598 3834 736 3889 Leibnitii
747 3833 857 3904 dejure
873 3833 1019 3886 doctrinas
1028 3829 1153 3901 amplexi
1162 3835 1230 3882 sunt
1239 3834 1267 3882 et
1278 3844 1345 3900 pro-

286 3925 474 3989 pagaverunt,
486 3917 512 3971 is
526 3915 651 3970 maxime
665 3916 860 3970 nominandus
875 3921 928 3969 est.
