2998 4824
232 582 388 661 concipio:
404 580 512 645 Omnis
531 586 561 643 ot
575 582 659 644 solus
677 581 728 660 qui
745 580 995 644 condemnaretur
1013 578 1106 644 rebus
1120 582 1165 645 sic
1180 584 1290 644 stanti-

233 687 302 762 bus,
318 687 345 752 si
360 691 540 748 corrsoesset
555 686 666 760 civilis,
676 685 866 748 iileiucausi
874 687 1025 748 criminali
1033 692 1079 748 est
1090 686 1292 764 torquendus,

232 792 303 868 quie
319 792 349 852 iu
365 790 458 853 causi
471 791 619 853 criminali
638 804 726 852 neruo
745 789 961 852 condemnatur
975 791 1035 852 nisi
1054 791 1226 854 coufessus.
1240 791 1291 852 Ad

231 895 454 958 contessionem
473 895 565 974 igitur
586 895 739 974 cogendos
757 895 873 972 estqui
895 895 1033 956 criminis
1054 896 1209 958 convictus
1229 900 1290 958 est.

233 998 317 1063 Unde
342 1001 393 1062 iiie
407 1000 498 1062 etium
512 999 645 1076 torqueri
663 999 751 1061 debet
767 1000 818 1077 qui
835 1001 1041 1076 exceptionem
1054 1016 1141 1062 suom
1162 999 1293 1077 probare

232 1119 291 1166 uou
307 1109 416 1181 potest.
435 1123 450 1160 s
466 1105 536 1166 iiaec
550 1101 641 1181 quim
656 1103 789 1165 crudelia
805 1118 839 1166 ac
854 1103 938 1181 paeuc
952 1109 1126 1182 portentosa
1140 1105 1205 1175 sint
1215 1118 1291 1166 uos-

232 1207 312 1270 ortu
324 1209 474 1270 nominem
490 1208 577 1269 tellit.
595 1207 753 1279 Quomodo
774 1207 867 1287 igitur
887 1209 949 1270 iieri
970 1213 1069 1286 potest
1084 1214 1116 1270 ut
1131 1208 1293 1270 homiuum

233 1311 410 1375 lenissimus
433 1311 609 1388 etquidem
634 1312 834 1389 philosophus
857 1311 918 1374 tim
947 1313 1064 1374 saeviter
1087 1312 1206 1374 locutus
1227 1312 1297 1374 siti

232 1415 366 1478 Istorum
388 1421 557 1492 temporum
581 1430 684 1480 mores
702 1431 823 1491 accuso,
846 1431 923 1494 quos
947 1415 1117 1478 leibnitius
1138 1416 1294 1495 corrigere

232 1520 399 1595 debuisset,
417 1535 475 1583 uon
489 1526 589 1582 autem
604 1535 724 1597 semper
740 1522 806 1598 ipse
820 1536 929 1583 exuere
942 1521 1037 1582 voluit
1053 1521 1100 1596 (i).

272 1625 407 1702 Denique
415 1624 452 1685 od
462 1624 767 1700 subtitulosveuieos,
779 1627 836 1687 hos
844 1639 912 1687 esso
920 1624 1009 1687 dicit:
1022 1625 1138 1687 scilicet
1143 1627 1295 1704 {ormam

233 1742 285 1790 scu
298 1726 531 1808 definitionem,
548 1726 734 1808 suojcotum,
752 1745 896 1796 causam,
913 1729 1066 1809 effectuoso,
1084 1726 1294 1790 coracesium

234 1847 288 1895 seu
303 1830 545 1895 destructorium.

275 1937 371 1998 «Nou
392 1927 509 2016 igr'roro‚
527 1937 635 2014 inquit,
656 1935 739 1999 roric
758 1936 777 2000 i
796 1936 889 2000 variis
913 1937 978 1998 tusc
1001 1936 1164 2015 assignari,
1186 1935 1240 1998 sed
1263 1938 1296 1998 si

233 2040 402 2103 accuratius
418 2039 598 2117 dispexeris,
615 2041 716 2102 omnio
731 2042 769 2103 ud
784 2043 848 2104 iraec
861 2040 1055 2103 reducuntur.
1073 2061 1088 2096 s

274 2146 344 2207 Haec
359 2145 480 2223 quidem
496 2145 533 2206 de
544 2143 783 2222 jurisprudentii
801 2143 949 2207 didactici
964 2160 1017 2206 seu
1029 2145 1107 2221 juris
1121 2144 1294 2220 elementis

236 2264 314 2328 quoe,
331 2250 359 2310 si
373 2250 524 2312 Leibnitio
535 2249 645 2325 credis,
663 2264 721 2312 nou
734 2248 824 2312 morio
835 2248 1083 2327 iuriscousuitos‚
1097 2248 1155 2312 seri
1165 2253 1194 2311 et
1207 2249 1295 2310 iirec-

235 2355 322 2433 iogos
335 2355 529 2433 medicosque
545 2355 624 2418 sciro
634 2354 729 2418 decet.

664 2745 809 2818 CAPUT
835 2746 867 2818 ΙΙ

471 3019 518 3066 DE
543 3018 848 3068 JURISPRUDENTIA
873 3020 1059 3071 HISTORIGA

277 3245 557 3326 Jorc‘sprcdcrctc'ec
572 3248 694 3325 quidem
713 3246 875 3310 historico
895 3264 1005 3328 magra
1023 3249 1159 3327 quedam
1181 3248 1294 3312 divisio

237 3359 326 3429 extat,
344 3369 423 3414 nunc
444 3352 523 3429 apud
542 3367 647 3414 omues
663 3354 859 3432 pervulgata:
882 3369 990 3431 nempe
1001 3353 1083 3430 iuris
1104 3353 1230 3416 historie
1244 3354 1294 3415 vel

236 3456 369 3518 interno
381 3457 430 3520 vel
445 3462 576 3516 esterno
590 3462 646 3518 cst.

273 3769 308 3841 (1)
327 3771 395 3824 Non
410 3771 541 3824 omnium
554 3777 652 3824 tamen
666 3772 759 3825 estatis
773 3787 834 3825 suae
848 3788 979 3825 errorum
990 3770 1133 3842 particeps
1142 3769 1206 3822 fuit.
1217 3769 1297 3822 Nom

237 3869 320 3923 opuS,
331 3853 379 3906 cui
387 3870 495 3907 nomen
503 3859 573 3907 erat.
584 3852 687 3907 Cautio
697 3854 855 3907 criminalis
864 3855 939 3908 eicco
947 3870 1083 3925 processus
1094 3847 1190 3905 contro
1201 3868 1293 3920 sapas,

236 3933 322 3988 valde
346 3936 555 4007 comprobavit,
578 3936 684 4008 quippe
703 3937 755 4007 qui
774 3951 909 4009 sagarum
928 3936 1072 4009 supplicia
1090 3937 1294 3990 detestaretur.
