2998 4824
638 395 798 456 ...43-

228 575 451 652 Praoeptornm
470 575 526 635 tria
547 588 657 652 genera
680 589 749 636 esse
769 574 936 636 Leibnitins
956 574 1048 636 dicit:
1070 573 1176 652 nempe
1195 576 1247 638 aut

190 679 433 758 generalissima,
445 684 497 740 aut
508 679 696 753 intermedia,
712 684 763 741 aut
778 679 999 756 specialissima
1011 684 1091 742 sunt.
1101 681 1144 740 lle
1156 695 1246 757 gene-

190 784 364 858 ralissimis,
378 784 441 845 sive
456 780 663 848 brocardc'ct's,
682 781 812 844 maxime
827 782 1000 861 indignatur
1014 782 1094 860 quod
1108 783 1244 860 quaedam

189 887 386 948 admittuntur
407 903 473 964 quaa
494 887 698 963 exceptionem
720 888 870 963 patiantur
895 888 942 963 (ll.
971 885 1138 949 «Officium
1164 888 1244 948 enim
1284 925 1286 928 -

188 993 300 1069 regulae
311 993 505 1069 tranquillare
519 993 665 1067 animum,
682 996 714 1053 ut
727 997 826 1053 certus
838 991 879 1052 sit
890 991 920 1052 in
932 990 1072 1053 omnibus
1085 991 1245 1068 speciebus

106 1143 110 1150 .
188 1096 315 1173 subjecti
337 1095 530 1173 praedicatum
546 1096 691 1158 obtinere.
718 1095 852 1166 Quodsi
878 1096 1112 1174 regulathabent
1137 1112 1244 1173 excep-

187 1201 297 1277 tiones,
310 1201 486 1263 irustraneae
498 1206 579 1275 sunt,
590 1201 661 1278 quia
676 1199 726 1262 ddi
740 1201 801 1261 illis
813 1215 872 1262 non
884 1205 992 1277 potest.
1007 1200 1151 1262 »Atenim
1163 1201 1245 1261 nulla

187 1306 292 1383 regula
307 1311 353 1366 est
369 1307 434 1367 sine
453 1305 637 1381 exceptione.
659 1306 724 1368 Una
744 1306 862 1380 saltem,
884 1305 1044 1382 respondet
1063 1305 1243 1380 Leibnitins‚

186 1410 291 1488 regula
307 1409 372 1471 sine
384 1410 558 1486 exceptione
572 1409 707 1471 omnium
723 1424 873 1471 consensu
888 1415 1035 1484 versatur,
1057 1409 1195 1471 videlicet
1210 1425 1245 1470 ea

186 1528 252 1590 quaa
264 1514 377 1574 nullam
393 1514 528 1592 regulam
545 1513 612 1575 sine
621 1514 795 1590 exceptione
806 1515 920 1576 versari
932 1513 1095 1575 contendit.
1107 1512 1187 1592 Ergo
1200 1514 1244 1574 si-

186 1618 339 1694 bimetipsi
351 1619 414 1679 lraec
430 1619 533 1696 regula
548 1623 749 1680 consentanea
764 1626 895 1681 nonest.

225 1722 259 1783 ld
281 1721 403 1799 quidem
435 1721 534 1800 magis
560 1722 751 1800 ingeniosum
780 1720 871 1799 quam
893 1721 1016 1784 omnino
1035 1727 1172 1783 exactum
1184 1728 1241 1784 cst.

185 1827 304 1888 Etenim
317 1827 420 1904 regula
432 1828 496 1888 haec
508 1825 597 1888 modo
612 1825 649 1888 de
660 1826 783 1887 casibus
799 1826 952 1902 plerisque
967 1826 1111 1902 loquitur,
1128 1841 1243 1887 necnon
1268 1819 1270 1824 ’

185 1932 298 2010 regulae
315 1930 451 2007 quaedam
470 1930 560 1992 utiles
579 1928 718 1991 videntur
743 1935 772 1990 et
796 1924 1039 1992 commoditatem
1067 1931 1243 1992 nonnullam

185 2036 338 2097 memoriae
352 2034 488 2110 afferunt,
505 2034 562 2096 etsi
578 2033 679 2111 plures
695 2034 884 2110 exceptiones
905 2034 1050 2110 recipiant
1070 2038 1099 2094 et
1114 2038 1244 2094 tantum-

186 2137 274 2200 modd
290 2139 477 2215 plerumque,
492 2153 550 2200 non
563 2153 683 2215 semper
691 2153 768 2199 verae
779 2144 929 2200 maneant.
941 2137 1080 2199 Attamen
1091 2137 1171 2200 haud
1184 2139 1243 2198 im-

185 2242 292 2305 merito
316 2243 484 2322 Leibnitius
507 2243 537 2303 in
562 2242 663 2304 animo
683 2242 813 2303 habebat
837 2243 937 2303 omnia
958 2247 1102 2319 quantum
1121 2243 1192 2304 licet
1205 2242 1243 2303 ad

184 2344 467 2407 universalitatem
486 2345 634 2425 redigere,
655 2351 753 2408 cetera
772 2345 914 2423 tanquam
936 2347 1036 2423 inepta
1055 2347 1189 2423 rejicere,
1210 2350 1245 2410 ut

186 2451 314 2528 deniqne
326 2451 448 2512 inutiles
463 2451 657 2527 repetitiones
672 2459 701 2513 et
713 2451 843 2529 grandes
856 2452 926 2513 libri
938 2453 1108 2513 coacervari
1123 2453 1242 2516 desine-

186 2560 261 2617 rent.

111 2721 113 2726 ,
224 2658 281 2720 llic
295 2659 464 2735 exemplum
480 2658 630 2735 quoddam
650 2659 818 2721 Leibnitius
838 2659 922 2721 affert
936 2660 1015 2737 quod
1031 2660 1089 2722 sibi
1106 2660 1178 2724 sane
1194 2662 1241 2724 in-

185 2778 314 2824 nocuum
325 2777 394 2824 esse
406 2761 572 2838 videbatur,
589 2763 677 2824 nohis
692 2763 762 2824 vero
774 2762 904 2825 maxime
916 2764 1047 2826 invisum
1058 2771 1115 2827 est.
1126 2766 1241 2844 Nempe

186 2866 225 2927 ita
237 2867 389 2946 loquitur:
409 2866 469 2926 «ln
484 2865 736 2927 materiatorturae
746 2867 824 2928 lianc
835 2867 909 2928 milli
922 2869 1093 2946 generalem
1104 2871 1240 2949 regulam

219 3254 253 3326 (1)
273 3257 438 3309 Nouueaux
452 3255 562 3318 Essais‚
579 3256 628 3318 IV,
643 3255 669 3318 7,
685 3255 760 3326 gil.

219 3357 234 3388 «
248 3338 296 3406 Au
311 3338 373 3392 lieu
387 3337 520 3391 d'etablir
533 3339 585 3391 des
600 3338 730 3392 axidmes
747 3337 895 3409 generans
911 3357 949 3392 on
962 3337 1016 3391 fait
1028 3345 1092 3392 tout
1106 3356 1139 3393 ce
1150 3342 1239 3410 qu’on

181 3426 251 3491 peut
259 3439 333 3492 pour
347 3421 391 3473 les
402 3420 527 3474 affaiblir
535 3439 588 3492 par
595 3421 647 3475 des
656 3421 840 3474 distinctions
850 3421 952 3475 vaines
962 3427 991 3475 et
997 3439 1056 3492 peu
1064 3423 1235 3487 entendues‚

183 3509 211 3555 et
224 3502 283 3555 l'on
298 3520 329 3556 se
339 3501 411 3574 plait
429 3501 446 3554 d
461 3502 611 3574 employer
630 3503 773 3556 certaines
793 3501 888 3574 regies
909 3503 1152 3575 philosophiques
1167 3507 1238 3559 dont

181 3584 202 3637 il
215 3604 234 3654 y
247 3603 263 3638 a
278 3587 313 3639 de
328 3586 435 3655 grands
445 3584 535 3638 liures
549 3591 612 3638 tout
625 3585 731 3656 pleins‚
749 3585 823 3638 mais
839 3586 889 3655 qui
901 3592 966 3638 sont
979 3602 1037 3657 peu
1051 3585 1135 3639 sures
1144 3593 1238 3658 elpeu

182 3665 375 3721 determinees
391 3672 419 3720 el
434 3669 522 3736 qu'on
537 3685 553 3720 a
567 3667 595 3721 le
610 3667 712 3740 plaisir
726 3666 858 3721 d’tluder
877 3685 915 3720 en
932 3668 976 3721 les
997 3667 1179 3738 distinguant
1182 3711 1235 3722 .....

181 3748 206 3801 Il
221 3755 265 3802 ast
277 3749 341 3801 vrai
355 3749 424 3819 qu'rl
439 3768 457 3818 y
470 3766 487 3802 a
501 3749 552 3803 des
564 3748 659 3820 regies
668 3750 719 3820 qui
730 3756 780 3803 ont
787 3751 839 3803 des
848 3751 1026 3820 exceptionS‚
1039 3757 1153 3804 surtout
1163 3753 1236 3806 dans

180 3830 224 3884 les
239 3832 390 3902 questions
405 3830 481 3884 odil
497 3838 576 3886 entre
593 3834 744 3904 beaucoup
753 3834 788 3886 de
798 3833 1022 3897 dimensionem,
1040 3851 1152 3888 comme
1164 3835 1235 3888 dans

181 3911 209 3974 la
221 3913 455 3983 jurisprudence.
472 3933 485 3962 »
