2998 4824
702 432 860 493 ..54-

287 611 374 675 Nunc
385 627 434 674 res
448 613 575 691 requirit
590 617 621 674 ut
636 627 702 690 qum
716 608 754 675 de
768 611 970 674 decisionum
985 613 1166 676 collectione
1181 616 1303 678 Leibui-

247 717 308 779 tius
323 715 395 780 dicit
411 717 541 779 breviter
556 733 713 795 exponam.
730 715 806 779 Tum
822 717 973 796 quomodo
987 719 1065 782 lacta
1081 721 1131 796 sit,
1147 720 1211 783 tiam
1227 737 1303 801 quo-

246 821 337 885 modd
361 823 424 885 lieri
450 822 567 898 debeat,
594 822 761 900 perpendit.
785 823 819 883 ln
844 824 893 884 his
917 823 969 901 qui
987 824 1133 899 ejusmodi
1160 827 1303 903 operibus

247 927 406 1007 invigilant
420 929 477 991 hoc
493 926 622 989 maxime
637 928 750 1004 laudat,
772 949 787 983 a
803 928 883 1006 quod
899 943 992 990 novos
1008 937 1195 1008 emergentes
1211 947 1303 992 casus

245 1033 399 1095 memoriae
427 1033 606 1112 consignant
630 1032 794 1111 orbemque
812 1032 976 1110 jnridicum
1000 1033 1141 1096 continuat
1166 1036 1304 1097 auctione

245 1137 439 1216 locupletant,
455 1137 536 1216 quod
551 1151 610 1199 nou
626 1138 740 1200 iaciunt
754 1142 892 1200 auctores
909 1137 1154 1201 exercitationum
1175 1146 1205 1200 et
1218 1134 1312 1202 coru-¹

245 1243 472 1317 montanorum,
487 1257 606 1320 semper
616 1248 716 1305 vetem
729 1243 926 1304 ruminantes,
941 1264 955 1298 1
973 1243 1129 1305 inutilium
1140 1241 1250 1305 veroin
1264 1243 1303 1303 iis

245 1347 472 1427 congestionem
493 1348 653 1424 vituperat,
670 1363 785 1410 necnon
801 1349 967 1409 naturalem
987 1348 1124 1410 ordinem
1139 1346 1302 1408 desiderat.

284 1451 399 1515 Deinde
414 1451 526 1514 indicat
540 1451 651 1529 quibus
666 1451 765 1513 modis
777 1453 1050 1514 controuersiarum
1063 1451 1225 1528 repertoria
1238 1452 1303 1512 col-

243 1557 365 1637 ligenda
377 1557 447 1632 sint,
461 1571 527 1634 quae
536 1556 613 1634 juris
624 1556 690 1618 loca
698 1558 869 1619 communia
879 1559 966 1635 quasi
975 1557 1156 1631 habeantur;
1168 1555 1304 1632 praecipit

243 1667 276 1724 ut
291 1659 308 1722 a
323 1661 465 1724 societate
479 1660 609 1740 quidam
622 1660 798 1738 efficiantur,
810 1661 896 1738 cuius
907 1661 1069 1738 participes
1081 1661 1214 1722 laborem
1226 1661 1304 1722 inter

244 1783 278 1830 se
292 1767 473 1828 distribuant
488 1781 548 1828 non
562 1765 756 1828 materiarum
772 1766 897 1840 ratione,
915 1767 991 1844 (quae
1005 1766 1035 1826 in
1051 1765 1214 1826 academiis
1225 1764 1303 1826 divi-

244 1873 290 1934 sio
305 1873 412 1934 merito
438 1870 501 1933 lieri
518 1871 615 1945 solet),
632 1869 685 1932 sed
705 1869 850 1932 librorum
867 1868 957 1947 iuris,
983 1869 1143 1947 exquibus
1164 1869 1303 1947 quaedam

244 1973 429 2054 excerpenda
450 1979 530 2049 sunt,
551 1989 588 2036 ne
603 1989 708 2036 omues
725 1973 792 2035 libri
814 1973 831 2034 ὲ
853 1975 984 2052 singulis
1004 1973 1210 2053 pervolutandi
1227 1975 1300 2036 siut.

244 2079 322 2152 Quid
335 2085 495 2142 conatuum
510 2079 682 2141 commuuio
704 2083 733 2140 ot
745 2078 910 2155 conjunctae
924 2079 1004 2140 vires
1020 2079 1139 2155 possint
1158 2077 1300 2140 ostendit.

246 2207 259 2243 a
276 2185 365 2260 Hinc,
378 2185 429 2260 ait,
443 2185 578 2247 Romano
592 2217 632 2228 -
646 2183 803 2245 catholicis
819 2185 961 2261 preclara
977 2183 1082 2246 edendi
1096 2199 1204 2262 magna
1219 2197 1302 2244 eom-

243 2291 373 2355 moditas
392 2295 455 2367 est;
483 2290 512 2350 in
528 2289 606 2352 libro
621 2289 701 2351 enim
716 2289 767 2366 qui
790 2288 881 2351 unius
899 2288 1031 2350 hominis
1055 2287 1176 2349 nomine
1200 2286 1301 2365 prodit

245 2411 324 2473 saepe
338 2395 475 2457 laborant
486 2399 546 2456 lota
557 2393 750 2456 monasteria.
766 2414 780 2449 s

282 2499 326 2562 Ex
340 2499 389 2561 his
404 2498 615 2577 communibus
639 2498 716 2575 jnris
740 2497 859 2560 locisul
883 2496 1040 2559 Pandeclae
1061 2497 1132 2558 liant
1153 2498 1299 2571 hortatur,

243 2619 359 2666 necnon
375 2608 407 2665 ut
421 2617 463 2665 eae
475 2603 506 2663 iu
518 2601 708 2664 eodemlibro
719 2608 808 2680 atque
822 2602 976 2663 Elementa
991 2607 1019 2662 et
1029 2601 1215 2663 Breviarium
1227 2613 1300 2662 cou-

243 2709 458 2772 troversiamm
478 2709 695 2770 contineantur.
718 2707 852 2768 «Talem
872 2705 1089 2768 Pandectarum
1109 2705 1232 2780 librum,
1252 2705 1299 2766 in-

243 2813 317 2892 quit,
335 2817 434 2875 cortus
447 2828 514 2874 sum
527 2809 618 2889 supra
632 2809 691 2874 duo
706 2812 861 2874 volumina
875 2811 905 2872 in
923 2812 994 2874 lolio
1011 2826 1070 2873 non
1093 2811 1297 2888 impleturum,

242 2919 312 2997 quia
329 2919 358 2979 iu
371 2918 453 2980 nulla
465 2915 627 2995 disciplint
641 2922 670 2978 et
682 2917 821 2979 facultate
833 2917 901 2994 plus
913 2916 1072 2992 librorum,
1085 2917 1186 2978 minus
1199 2929 1299 2976 reram

242 3022 334 3103 quam
348 3023 377 3084 in
388 3021 626 3100 jurisprudentia
640 3027 685 3083 est
702 3023 749 3097 (l).
765 3043 779 3078 1

277 3473 310 3546 (1)
331 3475 496 3528 Nouveaun
511 3475 621 3539 Essem,
638 3477 688 3535 IV.
704 3476 730 3540 7,
747 3475 818 3547 §itt
1278 3539 1283 3546 N

276 3559 334 3613 «Je
343 3556 664 3628 croisquelamillieme
672 3558 763 3630 partie
773 3557 981 3612 deslivresdes
987 3555 1296 3628 jurisconsultesnous

240 3639 369 3702 sustinuit,
386 3640 460 3692 mais
476 3657 533 3710 que
544 3658 618 3694 nous
634 3641 782 3694 n’aurions
798 3641 862 3694 rien
872 3641 909 3694 de
924 3645 987 3711 trop
1002 3657 1039 3694 en
1054 3638 1174 3692 matiere
1191 3639 1226 3691 de
1235 3636 1298 3690 1ηέ-

239 3723 352 3786 decine,
370 3723 396 3776 si
410 3739 485 3778 nous
501 3723 604 3777 avions
617 3723 698 3777 mille
709 3722 765 3776 fois
774 3723 840 3795 plus
850 3723 1081 3776 d'observations
1090 3722 1158 3775 bien
1169 3721 1298 3774 circons-

239 3804 379 3868 tanciees,
395 3805 521 3877 puisque
537 3805 566 3859 la
583 3805 808 3878 jurisprudence
832 3812 877 3860 est
897 3811 977 3858 toute
993 3803 1098 3861 fondee
1119 3821 1156 3858 cn
1169 3802 1298 3858 raisona

238 3887 348 3960 l'egard
358 3889 394 3941 da
410 3905 443 3941 ce
452 3888 503 3957 qui
511 3889 585 3942 n’est
594 3905 646 3960 pas
658 3887 877 3959 expressement
886 3886 1006 3958 maeque
1015 3887 1117 3958 parles
1130 3887 1185 3940 lois
1197 3904 1236 3939 ou
1246 3903 1298 3958 par

241 3967 285 4023 les
300 3977 461 4026 coutumes
484 3969 538 4025 Can
556 3989 593 4025 οη
609 3971 636 4025 le
655 3977 725 4042 peut
743 3971 877 4041 toujours
896 3971 967 4024 tirer
985 3987 1022 4023 ou
1044 3971 1080 4023 de
1097 3969 1126 4022 la
1145 3969 1186 4030 lot
1202 3987 1241 4022 ou
1256 3969 1297 4020 du

1476 3335 1482 3418 1
