2998 4824
738 411 895 474 -38-

286 601 418 659 ceantur.
431 593 475 656 lth
485 594 645 657 ambitiosa
661 593 712 655 illa
723 593 865 655 Leihnitii
881 593 992 656 divisio
1007 593 1107 656 omnis
1123 595 1240 657 tollitur
1254 601 1340 674 atque

285 701 448 763 evanescit.
1158 753 1163 762 .

324 803 493 866 Concedam
514 801 652 881 equidem
681 802 751 865 huic
776 801 918 865 divisioni
945 802 1111 880 quidquam
1139 803 1340 880 philosophici

240 943 244 954 ·
285 924 345 972 non
363 906 486 971 omnino
506 908 623 969 deesse.
644 907 763 968 Etenim
778 905 795 968 d
813 907 879 985 juro
899 909 1039 982 sumitur,
1059 923 1118 969 non
1137 905 1259 982 dtacto,
1276 907 1341 968 uni-

283 1027 446 1090 versasque
459 1011 536 1089 juris
551 1011 725 1089 acquirendi
740 1027 848 1072 causas
860 1009 1053 1072 exactissime
1068 1016 1217 1073 recenset.
1230 1009 1341 1072 Verium

285 1118 383 1180 solida
397 1117 474 1195 juris
493 1117 613 1193 partitio
636 1132 706 1178 num
731 1115 769 1176 ab
789 1115 1007 1194 obligationum
1031 1120 1060 1176 ot
1078 1114 1191 1191 jurium
1213 1112 1342 1194 origine
1460 1091 1461 1130 ³

285 1219 431 1285 sumenda
442 1225 510 1284 est?
525 1221 597 1293 Quae
608 1221 644 1283 ad
660 1222 809 1300 originem
824 1227 961 1299 spectant
976 1219 1118 1299 indagare
1133 1219 1234 1282 vestri
1246 1221 1340 1297 pluri-

284 1343 367 1390 mum
378 1328 502 1388 interest
516 1327 568 1404 qui
583 1326 756 1403 philosophi
768 1327 843 1387 estis
859 1328 970 1403 quique
985 1340 1085 1387 rerum
1100 1339 1209 1386 causas
1225 1325 1341 1403 perspi·
1461 1351 1462 1396 3

283 1446 351 1494 cere
369 1437 437 1493 ante
455 1431 556 1492 omnia
576 1431 605 1489 in
625 1430 725 1492 animo
744 1429 873 1492 habetis.
894 1430 990 1507 Huius
1009 1427 1080 1491 vero
1101 1429 1181 1491 modi
1196 1431 1340 1507 quaestio-

284 1550 349 1610 nes,
373 1534 511 1612 quamvis
533 1534 635 1612 magni
658 1533 800 1610 ponderis
822 1535 894 1609 sint,
917 1530 1106 1610 nequaquem
1128 1533 1165 1594 ad
1187 1534 1340 1611 jnrispru-

283 1639 414 1702 denham
431 1638 627 1700 ordinandam
640 1638 809 1715 proliciunt.
824 1660 838 1694 c
856 1636 941 1715 Saepd
959 1638 1039 1698 enim
1056 1638 1229 1716 contingere
1244 1644 1342 1715 potest

283 1748 315 1804 ut
331 1743 399 1820 jura
414 1758 480 1820 quae
495 1742 630 1804 eamdem
646 1743 794 1821 originem
812 1747 840 1804 et
860 1757 983 1803 eausam
1002 1740 1114 1803 hahent
1131 1739 1259 1803 multirm
1281 1742 1341 1802 sint

283 1848 360 1908 inter
375 1862 409 1907 se
423 1847 597 1922 dissimilia,
614 1852 647 1907 ut
667 1845 792 1923 proinde
808 1847 838 1908 in
857 1847 992 1908 diversas
1013 1847 1128 1908 clas'scs
1143 1846 1235 1907 tribui
1249 1845 1341 1907 debe-

282 1955 344 2025 ant,
365 1955 466 2011 autsut
487 1950 615 2011 debeant
634 1951 775 2030 coniungi
796 1967 862 2030 quae
880 1951 1031 2014 diversam
1051 1951 1199 2029 originem
1218 1950 1339 2025 habent,

282 2055 353 2132 quia
367 2054 426 2115 alia
445 2055 539 2116 multa
561 2054 673 2114 similia
687 2059 717 2115 et
736 2057 909 2116 communia
929 2055 1041 2117 hahere
1061 2059 1200 2132 possunt.
1217 2054 1295 2116 Hinc
1310 2055 1341 2115 lit
1463 2055 1464 2104 t

282 2165 315 2220 ut
334 2159 453 2236 partitio
475 2158 616 2219 Leibnitii
636 2157 807 2237 quanqulm
830 2173 867 2220 ex
886 2159 988 2220 causis
1000 2159 1113 2236 J'urium
1131 2164 1160 2220 et
1179 2158 1340 2237 obligatio·
1463 2163 1464 2232 ξ

283 2279 354 2324 num
373 2263 505 2325 derivata
524 2278 631 2339 parum
651 2267 751 2325 tamea
773 2263 932 2326 commoda
947 2263 1040 2326 videri
1062 2263 1178 2338 debeat,
1202 2263 1273 2341 quia
1288 2279 1340 2340 per

279 2359 456 2429 eam'multa
471 2366 675 2430 dividerentur
685 2383 751 2446 quae
765 2368 803 2430 ob
819 2367 981 2445 quamdam
992 2367 1234 2430 communionem
1249 2383 1339 2444 quam

282 2471 360 2533 inter
381 2487 414 2540 sc
436 2472 545 2534 hahent
568 2478 703 2534 mutuam
725 2473 784 2534 sihi
804 2473 902 2534 lucem
923 2472 1029 2533 afferre
1051 2476 1179 2548 possunt
1199 2476 1228 2532 et
1246 2471 1340 2532 multa

282 2574 445 2637 dissimilia
473 2576 735 2655 coniungerentur.
766 2575 822 2650 lta,
846 2577 976 2653 exempli
998 2575 1106 2654 gratid,
1132 2573 1214 2636 modi
1235 2574 1339 2651 acqui-

176 2747 178 2752 ,
281 2679 367 2740 rendi
392 2679 526 2740 dominia
548 2695 647 2741 rerum
672 2680 789 2742 debent
804 2681 945 2759 conjungi
968 2681 998 2742 in
1021 2677 1258 2757 jurisprudentia
1278 2683 1339 2740 tra-

281 2781 399 2845 denda:
421 2780 489 2844 chm
509 2789 608 2845 tamen
627 2785 679 2845 alii
699 2782 716 2845 d
735 2784 801 2861 jure
820 2785 954 2863 gentium
973 2785 1019 2847 vel
1039 2782 1056 2845 a
1077 2782 1183 2845 naturai
1201 2783 1339 2860 proticis-

281 2893 398 2962 cantur,
421 2886 513 2949 aliia
536 2887 614 2968 lege,
632 2886 715 2966 juxta
732 2888 875 2951 Leihnitii
894 2888 1068 2953 methodum
1090 2888 1223 2965 separari
1247 2887 1338 2949 dehe-

282 2997 347 3053 rent
363 2993 439 3067 (1).»

320 3096 354 3157 ln
371 3095 529 3172 partitione
544 3101 644 3157 autem
657 3094 903 3174 jurisprudentiae
917 3097 974 3159 hoc
989 3093 1128 3171 maxime,
1142 3109 1225 3172 paene
1239 3094 1336 3156 dicam

280 3197 368 3261 unice
383 3199 544 3277 requiritur
564 3205 596 3262 ut
612 3199 701 3278 quam
716 3201 964 3263 commodissima
987 3201 1037 3276 sit,
1054 3206 1086 3262 ut
1106 3198 1269 3261 dissimilia
1287 3213 1336 3258 se-

280 3310 395 3383 greget,
410 3320 476 3382 quan
490 3303 560 3366 verd
576 3307 659 3382 paria
674 3311 725 3367 aut
738 3306 836 3368 vicina
851 3320 920 3366 esse
933 3305 1090 3367 videantur
1109 3305 1139 3365 in
1158 3317 1251 3365 unum
1266 3301 1336 3363 dili-

280 3406 458 3487 gentissime
472 3409 593 3487 colligat
610 3409 762 3487 cuiusque
782 3410 874 3488 igitur
890 3409 967 3486 juris
983 3410 1099 3484 intima,
1115 3414 1147 3469 ut
1166 3405 1206 3468 ita
1223 3406 1334 3481 dicam,

279 3517 384 3574 natura
400 3513 498 3591 magis
511 3512 697 3588 inspicienda
712 3518 758 3574 est
776 3511 866 3590 quim
882 3513 979 3592 origo.
997 3512 1068 3584 Quae
1081 3512 1203 3590 quidem
1220 3512 1334 3574 metho-

278 3616 336 3677 dus
350 3617 454 3694 etipsa
465 3618 673 3694 philosophica
684 3617 743 3680 dici
754 3624 862 3694 potest.
880 3616 1142 3695 Quaproptoream
1156 3616 1335 3679 divisionem

316 3935 350 4006 (1)
371 3939 395 3990 J.
412 3938 445 3990 B.
463 3939 522 3991 Boo
537 3937 677 4008 praefatio,
695 3940 732 3990 N.
750 3937 791 3991 tl.
