2998 4824
709 420 867 481 ..45-

261 597 299 660 ad
311 597 466 661 libidinem
475 599 694 662 dominantium
703 601 1032 680 legesindectobantur.
1045 621 1059 660 a
1072 601 1184 663 Verum
1196 600 1316 678 quidem

261 709 308 764 est
324 704 536 780 imperatorum
560 704 716 766 libidinem
730 711 802 766 tunc
823 720 877 781 pro
898 706 965 784 lege
980 721 1039 768 non
1064 706 1186 782 tuisse;
1208 706 1316 766 laisum

260 805 332 869 verb
357 822 460 868 eorum
485 808 719 870 durissimorum
742 814 911 886 temporum
937 810 1206 886 jurisprudentiam
1229 809 1317 886 quid·

261 924 352 986 quam
373 925 442 972 oum
463 913 590 974 naturali
614 928 774 975 commuue
792 914 947 986 habuisse.
965 913 1158 975 seeundaab
1179 913 1316 991 Augusto

263 1014 368 1090 incipit
379 1031 475 1094 usque
488 1016 525 1077 ad
540 1017 769 1078 Constantinum
781 1033 982 1096 ;paganorum
998 1018 1213 1094 imperatorum
1226 1032 1317 1094 regna

261 1119 479 1194 complectitur.
497 1139 511 1176 a
528 1121 591 1182 Sub
606 1121 838 1198 imperatoribus
853 1128 952 1182 autem
962 1121 1029 1198 jura
1041 1121 1175 1183 Romana
1189 1118 1317 1181 multllm

261 1219 394 1297 aprtsca
410 1224 602 1300 simplicitate
622 1229 851 1287 recesserunt.»
872 1225 927 1285 Cui
943 1224 1064 1301 qiridem
1084 1224 1219 1300 opinioni
1238 1222 1317 1284 haud
1421 1307 1423 1314 y

261 1323 446 1400 intitiasibo,
459 1326 535 1388 side
551 1328 679 1390 civitatis
695 1329 830 1390 libertate
845 1335 951 1409 agatur
962 1348 969 1405 ;
978 1329 1028 1406 ius
1042 1328 1113 1391 vero
1128 1329 1216 1389 civile
1229 1343 1316 1389 uerno

261 1442 371 1506 negare
385 1434 482 1506 potest
497 1431 569 1507 quin
582 1436 651 1494 tunc
664 1432 701 1493 ad
717 1448 870 1495 summum
886 1433 1078 1512 perfectiouis
1094 1431 1221 1510 gradum
1233 1437 1273 1506 et,
1285 1437 1317 1492 ut

261 1532 302 1593 ita
320 1532 430 1609 dicam,
448 1534 485 1595 ad
502 1550 624 1596 auream
643 1542 759 1599 aetatem
776 1538 954 1614 pervenerit.
971 1538 1072 1600 Tertia
1086 1535 1104 1598 a
1119 1537 1317 1598 Constantino

260 1651 370 1715 magno
386 1638 587 1714 proficiscitur
596 1645 625 1701 et
639 1656 736 1718 usque
748 1642 786 1703 ad
796 1644 812 1704 J
815 1643 999 1703 ustinianum
1012 1647 1102 1718 patet.
1112 1641 1222 1712 Quarta
1233 1640 1318 1702 deui-

260 1755 318 1818 que
333 1743 489 1820 sequentia
503 1743 624 1806 Graeciae
639 1749 774 1822 tenrpora
785 1746 1022 1822 comprehendit.

300 1845 372 1916 Quae
383 1846 505 1923 quidem
515 1845 670 1909 Gibbonis
682 1849 841 1925 partitione
853 1850 889 1925 tt)
903 1850 977 1910 milri
991 1849 1098 1911 molior
1108 1863 1176 1910 esso
1186 1849 1315 1924 videtur,

260 1949 310 2025 qui
323 1949 579 2026 jurisprudentia,
596 1957 628 2014 ut
648 1953 688 2014 lta
702 1952 813 2029 dicam,
834 1954 976 2016 Romanae
991 1953 1150 2030 pueritiam
1167 1953 1316 2030 usquead

259 2053 342 2130 leges
357 2053 414 2114 Xll
430 2053 624 2130 Tabularum,
641 2055 874 2118 adolescentiam
890 2057 1035 2135 usquead
1051 2057 1237 2132 Ciceronem,
1254 2073 1318 2118 rna-

259 2157 410 2219 turitatem
425 2160 570 2236 usquead
585 2160 788 2224 Alexandrum
799 2162 954 2236 Severum,
971 2166 1155 2223 senectutem
1167 2176 1263 2238 usque
1278 2161 1317 2221 ad

257 2261 460 2325 Justinianum
476 2263 624 2340 producit.
636 2266 712 2327 Nam
726 2281 792 2343 quae
802 2265 840 2326 ab
854 2265 992 2345 Augusto
1005 2266 1260 2342 constantinoque
1285 2266 1317 2325 in

258 2366 412 2443 republied
426 2369 607 2430 mutationes
622 2369 733 2432 effectae
752 2375 821 2431 sunt
839 2369 998 2433 distinctas
1017 2369 1163 2448 quasdam
1182 2369 1317 2431 historiae

259 2470 401 2534 Romane
416 2472 555 2550 periodos
572 2474 680 2535 mellus
696 2474 866 2552 designant.

294 2781 329 2853 (1)
350 2783 646 2854 Ga'bbon'sHistoryof
653 2784 701 2837 the
717 2783 832 2838 decline
841 2785 897 2837 and
913 2784 965 2838 tall
980 2784 1012 2838 of
1023 2785 1072 2838 the
1083 2784 1314 2854 romenempire.

293 2865 420 2918 Ortolao.
435 2865 618 2937 Explication
632 2867 795 2937 historique
809 2869 861 2920 des
875 2868 1016 2920 Instituts.
1035 2874 1054 2919 t.
1070 2868 1094 2929 I,
1109 2885 1138 2938 p.
1154 2864 1216 2918 393.

294 2968 309 2997 c
323 2947 402 3002 Cette
418 2948 572 3001 divisione
588 2948 632 3002 dte
644 2949 765 3020 adoptee
779 2949 1064 3020 notammentparM.
1078 2948 1232 3017 Moolcoldey
1241 2947 1315 2999 dans

256 3029 475 3083 l'introduction
490 3029 653 3100 historique
670 3033 705 3084 de
721 3049 775 3084 son
789 3031 918 3093 Manuel,
934 3048 986 3102 par
1001 3032 1039 3083 M.
1057 3030 1246 3084 Girauddans
1259 3027 1317 3082 son

256 3111 483 3164 introductione
501 3110 609 3166 l'etude
623 3114 664 3165 du
679 3114 755 3166 droit
768 3113 901 3175 Romaiu,
922 3131 974 3184 par
983 3114 1021 3165 M.
1045 3113 1222 3181 Warolcoena'p
1241 3112 1316 3164 daus

257 3210 312 3245 son
331 3194 461 3247 Histoire
481 3194 520 3245 du
540 3195 617 3248 droit
635 3196 769 3258 Romaiu,
790 3213 842 3266 par
856 3196 894 3247 M.
915 3195 1140 3247 Blandeaodans
1159 3192 1317 3246 letableau

256 3274 487 3346 chronologique
500 3276 551 3346 qui
566 3278 688 3331 termine
704 3276 733 3328 la
745 3277 909 3329 traduction
929 3277 980 3330 des
990 3277 1133 3329 Instituts.
1150 3276 1188 3328 M.
1203 3276 1317 3326 Holte'os

254 3373 376 3425 merque
387 3374 419 3409 sa
433 3357 577 3427 premiere
592 3358 712 3428 perinde
727 3359 830 3430 depuis
845 3358 978 3428 l'origine
994 3359 1029 3412 de
1049 3361 1140 3412 Rome
1154 3355 1272 3429 jusqu'd
1285 3355 1317 3408 la

254 3435 371 3508 preture
393 3439 525 3502 urbaiue‚
550 3439 578 3492 la
598 3441 723 3494 seconde
747 3441 851 3512 depuis
871 3440 899 3492 la
919 3438 1035 3510 preture
1057 3439 1178 3492 urbaine
1196 3437 1318 3508 jusqu’a'a

253 3521 397 3592 Auguste,
411 3521 439 3574 la
451 3521 599 3576 troisidme
614 3523 716 3593 depuis
732 3523 864 3592 Auguste
877 3521 996 3593 jusqu'd
1011 3521 1189 3577 Constantin.
1201 3521 1239 3574 M.
1254 3521 1317 3572 Mo·

253 3605 339 3656 rezoll
352 3604 423 3656 dans
437 3622 491 3658 son
503 3605 633 3659 Histoire
645 3606 697 3658 des
708 3622 828 3658 sources
839 3605 878 3656 du
888 3605 964 3658 droit
971 3605 1095 3658 Romaiu
1104 3603 1203 3657 etabltt
1212 3609 1314 3673 quatre

253 3685 405 3756 periodes:
422 3687 452 3740 la
464 3685 608 3758 premiere
624 3687 727 3758 depuis
742 3686 786 3739 les
802 3693 894 3757 temps
911 3687 1030 3740 enciens
1042 3685 1160 3756 jusqu’b
1168 3685 1197 3738 la
1210 3684 1314 3738 loides

254 3770 311 3820 XII
327 3769 449 3830 Tables;
467 3769 630 3822 laseconde
642 3769 745 3839 depuis
755 3768 799 3821 les
809 3770 866 3822 XII
874 3767 1105 3839 Tablesjusqut
1114 3768 1267 3839 l'Empire,
1285 3765 1315 3819 la

253 3847 402 3902 troisibme
416 3850 520 3920 depuis
536 3849 777 3903 l'etablissement
789 3851 825 3903 de
842 3851 979 3922 l’Empire
992 3849 1112 3921 jusqu'd
1125 3849 1311 3911 constantim

253 3928 282 3981 la
297 3931 457 3998 quatrieme
472 3932 576 4005 depuis
592 3933 761 3988 Constantia
772 3932 890 4003 jusqu'd
902 3935 918 3988 J
922 3933 1059 3987 ustinien.
1072 3953 1086 3981 >›
