2998 4824
644 374 785 449 -9..’

187 615 188 620 ,
223 565 318 630 Pauld
346 572 427 644 post,
454 568 576 647 Georgii
602 568 730 640 Ulieovii
758 546 1088 662 nomine-Spectmen
1108 571 1239 633 demon-

184 669 384 731 strationum
391 667 606 750 politicarum
613 688 678 752 pro
695 670 840 753 elipendo
859 692 932 754 repe
943 672 1154 737 Polononnm
1166 678 1238 739 sori-

186 775 258 852 psit.
289 775 323 835 ln
349 789 384 837 eo
411 776 545 837 rationes
567 776 733 853 exponebat
758 777 868 855 quibus
883 778 1016 840 Poloniae
1039 779 1181 841 nobilitas
1202 779 1239 840 ad

186 878 359 958 eligendum
388 879 563 956 Philippum
588 879 783 941 Willrelmum
808 881 1066 960 Neoburgensem,
1093 883 1239 946 Comitem

185 982 367 1058 Palatinum,
391 983 574 1045 incitaretur.
609 981 675 1045 lam
700 990 843 1060 quantum
865 985 902 1045 ad
923 986 1094 1062 principum
1110 986 1240 1049 savorem

187 1088 393 1165 usurpandum
409 1087 647 1165 jurisprudentia
662 1089 818 1165 proficeret
832 1073 1001 1152 Leibnitius
1016 1096 1162 1153 senserat.
1183 1091 1243 1154 Eo·

186 1191 254 1254 dem
279 1207 357 1254 anno
381 1192 569 1267 MDCLXIX,
596 1190 772 1254 Rationem
795 1192 944 1272 conparis
966 1190 1055 1271 juris
1076 1191 1241 1254 reconcin-

185 1296 292 1358 nundi
315 1297 419 1373 edidit,
447 1311 577 1374 suasque
598 1296 635 1358 de
654 1297 798 1360 Romanae
819 1296 1064 1375 jnrisprudentiee
1083 1299 1175 1361 naevis
1195 1303 1241 1385 at-

186 1417 245 1481 que
270 1400 476 1463 emendatione
501 1400 658 1478 opiniones
683 1399 882 1480 sagacissime
906 1401 1029 1464 detexit.

225 1505 313 1568 Anno
324 1505 552 1580 Mbcbllllvll,
565 1505 736 1582 principum
751 1506 874 1583 lmperii
885 1521 1020 1581 causam,
1036 1511 1068 1567 ut
1079 1505 1120 1567 ita
1130 1505 1241 1582 dicam,
1346 1497 1349 1504 ’

88 1691 91 1696 ‚
187 1609 344 1687 amplexus
373 1614 419 1669 est
443 1623 572 1687 quorum
599 1609 708 1688 legatis
737 1610 757 1669 ii
786 1610 916 1672 bonores
943 1609 1121 1689 Noviomagi
1150 1609 1242 1673 dene-

187 1714 249 1794 gati
268 1717 352 1774 erant
375 1712 425 1790 qui
444 1711 537 1773 ltaliae
559 1712 746 1789 principibus
766 1712 1016 1776 concedebantur.
1041 1713 1242 1785 Quamobrem
1352 1703 1356 1711 “

187 1817 225 1878 de
246 1814 325 1896 jare
353 1815 560 1895 sapientores
585 1833 622 1876 ac
650 1814 821 1896 lepationis
836 1809 1032 1897 principum
1056 1815 1244 1880 Germanice

158 1949 162 1955 ·
187 1928 346 1985 tractatum
370 1921 563 1998 composuit;
589 1904 761 1983 simulatam
780 1920 852 1984 rerd
876 1937 1036 1998 personam
1058 1922 1165 1998 induit,
1186 1923 1246 1984 sei·

188 2029 259 2090 licet
287 2026 431 2088 Caesarini
456 2025 652 2101 Furstenerii,
668 2025 756 2102 quasi
781 2025 914 2087 indicare
933 2026 1023 2087 vellet
1045 2040 1089 2102 se,
1106 2027 1245 2103 quamvis

188 2131 341 2209 principes
370 2130 547 2204 sustineret,
582 2128 759 2206 Imperatori
788 2133 887 2192 tamen
921 2129 1003 2192 nullo
1032 2128 1122 2192 modo
1146 2129 1245 2191 inlen-

190 2251 271 2311 sum,
298 2233 359 2295 imd
383 2233 603 2295 amicissimum
632 2247 712 2296 esse.

228 2338 316 2400 Anno
344 2337 533 2412 MDCXClll,
559 2341 628 2413 post
655 2335 747 2414 longa
774 2351 827 2414 per
853 2336 1005 2413 Europam
1034 2337 1151 2412 itinera,
1179 2353 1246 2415 qaae

189 2442 227 2505 ad
255 2441 413 2503 historiam
435 2440 702 2502 Brunsvieensium
725 2440 895 2517 principum
918 2438 1108 2501 scribendam
1125 2440 1244 2516 inierat,

190 2561 349 2625 regressus
378 2559 467 2605 suum
492 2542 643 2605 Codicem
662 2539 753 2621 juris
777 2541 923 2622 pontium
948 2541 1198 2622 diplomaticam
1216 2545 1247 2605 in

189 2651 289 2712 lucem
310 2633 458 2725 prodidit,
484 2647 514 2707 in
538 2662 597 2724 quo
622 2647 845 2724 pretiosissima
868 2652 896 2708 et
915 2646 1004 2724 quam
1030 2648 1160 2724 plurima
1182 2653 1248 2710 acta

190 2754 381 2832 collegerat;
412 2765 491 2812 anno
519 2750 623 2812 MDCC
652 2749 802 2828 quoddam
836 2750 1076 2828 supplementum
1106 2752 1185 2827 sive,
1215 2758 1248 2814 ut

191 2857 291 2935 ipsius
312 2855 413 2918 verbis
429 2859 506 2929 utar,
526 2852 725 2914 Mentissam
742 2854 860 2931 adjecit.
878 2854 966 2917 Anno
986 2855 1133 2932 sequenti,
1152 2853 1249 2935 Copi-

190 2959 328 3024 tationes
351 2958 389 3020 de
416 2957 459 3018 iis
487 2973 557 3039 qaae
579 2954 676 3036 junia
699 2972 841 3036 praesens
862 2954 920 3036 jas
947 2956 1094 3036 dentiam
1120 2957 1247 3019 moder-

69 3111 72 3114 -
190 3082 275 3126 nam
291 3061 510 3144 requirantur
530 3059 572 3122 ad
591 3058 794 3139 Maiestatem
814 3060 950 3141 sepiam,
975 3061 1138 3122 occasione
1158 3079 1249 3123 coro·

190 3166 337 3234 nationis
365 3164 451 3244 repis
477 3163 637 3240 Praesta,
659 3165 771 3226 emisit.
798 3165 835 3228 Ut
860 3179 895 3225 ex
921 3165 959 3225 iis
982 3165 1124 3227 onmibas
1150 3167 1248 3228 mani·
1370 3221 1371 3224 ,

192 3273 303 3334 festum
326 3275 383 3346 est,
409 3268 465 3330 sua
486 3267 791 3346 iuridlcdernditione
812 3267 856 3328 uti
880 3267 1049 3330 Leibnilius
1065 3284 1125 3330 non
1142 3269 1249 3349 dedig-

192 3375 330 3451 nabatur,
359 3379 393 3436 ut
421 3388 507 3435 suam
536 3371 684 3435 fortunam
706 3371 866 3450 adaugeret
901 3377 931 3433 et
962 3372 1141 3457 pileumque
1175 3389 1248 3436 nas-

192 3480 271 3542 centi
293 3478 436 3556 polentiae
459 3476 655 3538 blandiretur.
678 3474 853 3537 ditissimas
879 3475 955 3536 inter
975 3475 1196 3552 meditationes,
1218 3479 1248 3540 in

193 3591 303 3647 terram
324 3580 473 3644 interdum
494 3579 704 3643 descendebat.
727 3578 802 3642 Tdm
822 3579 881 3656 iuri
904 3580 1080 3658 invigilabat
1097 3586 1127 3641 ut
1150 3586 1249 3658 patro·

193 3703 250 3750 nos
275 3687 333 3749 sibi
357 3684 550 3767 adscisceret.
580 3683 650 3747 ldeo
678 3682 696 3745 a
723 3684 876 3746 nonnullis
904 3683 1092 3761 principibus
1118 3683 1248 3746 consili-

194 3789 263 3852 arii
286 3789 551 3865 bonoresaccepit.

235 3893 310 3956 Cbm
331 3909 401 3958 vero
415 3894 614 3970 philosophus
634 3897 726 3967 esset,
747 3907 806 3955 non
832 3898 947 3970 poterat
970 3893 1043 3969 quin
1061 3897 1173 3954 naturae
1187 3891 1247 3968 juri
