2998 4824
705 765 851 838 CAPUT
877 767 891 836 Ι

625 1039 670 1086 DE
696 1037 847 1088 HABITUS
874 1037 993 1088 causis

323 1280 449 1344 Habitus
460 1296 568 1344 causas
583 1281 658 1344 duas
670 1282 838 1344 Leibuitius
854 1283 984 1344 invenit:
1001 1281 1033 1342 l⁰
1048 1279 1336 1360 supernaturalem
1448 1301 1450 1370 t

283 1487 559 1569 assuefactionem,
580 1490 691 1567 quaein
713 1481 881 1550 actionum
899 1489 946 1550 vel
966 1486 1184 1555 multitudiue,
1202 1489 1248 1551 vel
1268 1504 1339 1548 aaa·

282 1594 454 1673 pnitudine
479 1595 628 1658 consistit.

322 1700 366 1762 lie
386 1699 605 1776 supernaturali
625 1697 746 1776 quidem
775 1696 926 1758 infusione
948 1695 1089 1774 tanquam
1111 1694 1203 1774 supra
1226 1700 1339 1758 morta·
1455 1772 1456 1780 ἵ

284 1804 358 1864 lium
383 1807 560 1880 potestatem
581 1800 639 1862 siti
660 1815 809 1878 perpauca
826 1799 910 1862 dicit.

323 1905 481 1986 Multitudo
495 1904 565 1992 yerd
585 1905 735 1966 aelianum
754 1903 791 1964 ad
817 1902 847 1964 id
864 1903 954 1978 valet,
971 1909 1003 1964 ut
1017 1919 1077 1978 res,
1103 1904 1129 1965 sl
1148 1908 1339 1982 totaoppug-
1457 1924 1458 1944 1

284 2015 370 2072 netur
395 2007 619 2086 insuperabilis,
639 2021 692 2084 per
710 2013 811 2084 partes
831 2007 952 2068 demum
977 2008 1124 2070 vincatur.
1145 2005 1231 2071 Unde
1252 2021 1339 2084 repe-

284 2113 365 2176 tendi
383 2113 549 2175 necessitas
564 2112 670 2185 oritur,
689 2131 704 2166 e
721 2108 738 2171 a
756 2109 816 2188 qui
831 2109 980 2188 praecipue
999 2111 1138 2173 ultimum
1154 2109 1275 2172 habitus
1293 2127 1342 2172 re-

285 2217 448 2295 quisitum,
473 2213 719 2295 permanentia,
750 2213 947 2292 dependet.»
978 2215 1127 2292 Repetitio
1152 2220 1252 2277 aulem
1280 2229 1346 2306 non

285 2317 433 2399 usquead
452 2319 522 2380 anni
541 2318 703 2382 terminum
718 2316 882 2380 differenda
900 2323 968 2394 est;
993 2339 1007 2374 «
1024 2317 1078 2380 sed
1096 2317 1181 2380 decet
1198 2317 1255 2380 sub
1270 2333 1342 2380 noe·

284 2429 345 2484 tem
369 2422 478 2485 diurna
503 2422 613 2497 studia,
640 2422 720 2484 exitu
746 2422 920 2498 septimanae
942 2437 1093 2483 summam
1117 2421 1245 2497 dierum,
1261 2422 1341 2484 exitu

285 2527 400 2588 mensis
412 2541 562 2588 summam
575 2525 810 2602 septimanarum
829 2530 858 2585 et
873 2524 930 2586 fine
944 2525 1014 2585 anni
1027 2540 1178 2588 summam
1189 2527 1341 2588 mensium
1390 2535 1397 2544 ·

287 2630 431 2691 summani
460 2635 489 2691 et
516 2644 552 2691 ex
581 2628 711 2708 singulis
736 2627 881 2708 gradibus
908 2634 1009 2691 notatu
1038 2630 1219 2707 gravissima
1246 2629 1341 2690 rumi-

286 2733 362 2795 nari.
377 2755 393 2789 u
413 2730 499 2803 Quod
514 2730 604 2810 quim
623 2732 695 2793 utile
710 2747 745 2794 aa
763 2731 914 2796 laudabile
933 2733 973 2794 sit
988 2732 1129 2796 omnibus
1144 2734 1341 2810 eonspiauum

286 2842 342 2921 est.
359 2834 518 2912 Praeterea,
535 2843 567 2897 ut
582 2836 719 2913 repetitio
735 2836 801 2898 sine
816 2836 1035 2914 discipulorum
1054 2836 1147 2898 nimia
1162 2835 1343 2898 lassitudine

286 2940 402 3002 fruetus
430 2955 502 3002 suos
531 2940 696 3017 producere
721 2941 828 3014 valeat,
855 2939 939 3015 jubet
965 2941 1041 3001 inter
1069 2955 1178 3017 pueros
1207 2938 1342 3001 laborem

286 3045 374 3121 quasi
397 3042 502 3118 dividi,
526 3056 586 3104 non
611 3041 748 3119 pluribus
771 3042 906 3104 eamdem
932 3043 1091 3105 lectionem
1113 3044 1275 3122 assignari,
1301 3042 1343 3106 ita

286 3152 330 3221 ut,
352 3161 412 3208 uno
436 3146 578 3208 recitante
598 3150 649 3206 aut
671 3145 880 3223 respondente,
903 3147 992 3209 ceteri
1015 3147 1202 3231 attendentes
1226 3148 1343 3226 portio-

288 3264 357 3312 nem
372 3249 437 3325 eJus
451 3248 581 3312 ludendo
596 3250 725 3312 discant.
1149 3259 1151 3262 ·

327 3353 398 3414 llaec
414 3353 452 3414 de
472 3352 662 3415 multitudine
683 3353 845 3416 actionum.
867 3355 1041 3433 Magnitudo
1066 3355 1136 3418 veri
1160 3370 1219 3418 non
1241 3352 1342 3416 minus

288 3455 465 3533 eliieaxest3
482 3471 562 3533 saepe
576 3455 656 3517 enim
676 3472 736 3518 una
749 3458 826 3520 aetio
846 3473 901 3520 nos
921 3456 981 3519 dm
1000 3460 1190 3521 vehementer
1208 3459 1344 3536 percellit

288 3565 321 3621 ut
334 3560 399 3636 ejus
415 3560 575 3638 vestigium
594 3560 744 3639 quoddam
764 3561 888 3622 firmiter
909 3568 1027 3624 maneat
1042 3562 1101 3623 alti
1119 3565 1218 3624 urente
1239 3577 1344 3639 repos-

289 3669 363 3725 tum.
396 3663 694 3727 «consultissimum
719 3670 818 3727 alutem
840 3670 886 3727 est
908 3665 1130 3728 multitudinem
1158 3665 1343 3744 magnitudi-

289 3781 417 3844 nemque
432 3771 608 3844 temperare.
627 3767 712 3838 Quod
731 3768 763 3829 sa
776 3766 908 3847 egregie,
932 3770 959 3830 si
980 3767 998 3830 a
1017 3770 1151 3832 minimis
1172 3768 1342 3847 incipiendo

290 3870 430 3935 continui
448 3886 501 3949 per
523 3874 636 3951 gradus
657 3872 694 3935 ad
713 3888 831 3938 summa
852 3878 966 3938 creseat
982 3874 1099 3938 aetio.»
