2998 4824
639 387 796 450 -53-

189 565 249 629 imh
270 568 383 644 patrias
406 569 435 629 in
461 584 554 631 unum
577 569 719 648 colligere
744 571 845 649 gestit.
871 591 884 625 a
914 570 1031 632 Interea
1053 569 1161 644 fateor,
1189 570 1242 645 ait,

188 671 352 748 optandum
377 688 445 734 esse
470 679 502 734 ut
524 679 658 735 veterum
679 675 780 752 legum
809 689 919 751 corpus
946 673 1025 750 apud
1053 689 1108 735 nos
1135 674 1244 735 habeat

186 776 247 838 vim
268 792 327 839 uon
342 778 431 856 legiS,
445 777 498 840 sed
514 779 651 854 rationiS,
667 783 707 854 et,
724 783 757 839 ut
771 779 848 840 Galli
864 779 1037 856 loquuntur,
1055 777 1156 856 magni
1171 777 1244 840 doc·

186 881 273 956 toris,
289 887 318 942 et
333 897 368 942 ex
383 883 445 944 illis
460 883 588 961 aliisque
604 883 691 961 patrii
708 885 798 944 etiam
815 883 892 961 iuris
907 883 1111 945 monumentis
1126 898 1245 960 usuque

186 987 338 1062 praesenti,
366 987 419 1048 sed
447 988 587 1066 inprimis
612 1003 648 1050 ex
676 987 804 1050 evidenti
835 989 973 1066 aequitate
998 1004 1094 1050 novus
1120 987 1243 1066 quidam

187 1090 286 1152 Codex
306 1092 418 1170 brevis,
439 1094 551 1168 clarus,
568 1093 732 1170 sufficiens,
755 1095 930 1157 auctoritate
946 1092 1066 1171 publici
1085 1094 1244 1156 concinne-

186 1201 258 1272 tur;
281 1212 340 1274 quo
358 1198 408 1274 J'us
429 1199 632 1275 multitudine,
657 1199 852 1274 obscuritate,
875 1197 1100 1276 imperfectione
1127 1198 1241 1278 legum,

185 1300 327 1362 varietate
347 1303 554 1379 tribunalium,
577 1303 848 1382 disceptationibus
875 1304 1039 1380 peritorum
1064 1301 1242 1364 obtenebra-

186 1409 248 1465 tum
260 1410 288 1466 et
303 1405 341 1466 ad
357 1407 464 1470 miram
477 1408 719 1471 incertitudinem
732 1409 885 1470 redactum
900 1409 931 1469 in
947 1407 1027 1471 clara
1041 1407 1161 1468 tandem
1176 1406 1243 1468 luce

185 1509 350 1572 collocetur
364 1511 411 1587 (l).
431 1534 445 1568 a
805 1593 807 1597 .

223 1615 289 1676 Nou
310 1615 381 1677 verb
401 1613 499 1678 solhm
522 1617 655 1694 antiquis
677 1617 796 1696 legibus
822 1619 924 1678 noster
948 1615 1088 1692 studuit;
1110 1614 1148 1675 ad
1167 1629 1243 1676 nova
1306 1663 1308 1666 .

185 1718 276 1779 eliam
295 1721 437 1797 respexit.
451 1721 632 1784 Praeclarum
645 1721 710 1799 eius
723 1721 815 1782 studii
831 1721 964 1798 speeiem
984 1721 1014 1780 in
1028 1717 1143 1782 Codice
1151 1716 1243 1797 juris

183 1822 330 1901 peraticum
359 1823 570 1904 diplomatico
601 1831 750 1888 versatur.
782 1825 878 1900 Hujus
910 1823 1011 1901 operis
1039 1823 1242 1900 praefationem

185 1929 368 2005 evolvamus,
391 1930 422 1990 in
443 1929 587 2008 quicum
610 1929 740 2007 plurima
760 1929 882 1991 solertia
904 1943 939 1990 ac
959 1927 1086 1990 scicntia
1106 1927 1143 1988 de
1167 1943 1242 2006 gen-

184 2031 259 2092 tium
270 2033 337 2108 jure
356 2040 444 2111 atque
466 2034 594 2096 historia
608 2034 742 2096 disserit.
761 2033 905 2110 Inprimis
921 2031 1067 2108 loederum
1084 2031 1242 2092 infirmita-

184 2141 255 2211 tem,
278 2151 382 2199 eorum
401 2137 568 2217 frequentia
589 2144 739 2214 testatam,
760 2133 981 2198 humanissime
998 2135 1145 2213 queritur.
1165 2156 1179 2190 a
1199 2133 1243 2196 lta

185 2239 217 2300 fit
231 2244 263 2300 nt
278 2257 335 2318 pax
349 2258 418 2303 eum
433 2241 593 2319 praevalido
615 2245 702 2304 hoste
722 2243 802 2313 velut
818 2242 948 2303 duorum
967 2239 1167 2320 gladiatorum
1179 2253 1243 2300 res·

186 2343 293 2418 piratio
319 2345 358 2404 sit
384 2350 473 2422 atque
497 2345 646 2408 interdum
673 2361 708 2408 ne
731 2346 852 2424 quidem
874 2361 928 2422 pro
950 2345 1079 2408 induciis
1100 2346 1240 2408 valeat.»

184 2443 307 2521 Verium,
330 2449 468 2524 quamvis
487 2454 621 2512 actorum
647 2450 836 2526 publicorum
860 2450 968 2511 tabulae
993 2448 1165 2511 mortalium
1191 2464 1241 2509 sa-

184 2551 339 2633 pienpiam,
365 2559 398 2614 ut
428 2552 469 2615 ith
497 2554 606 2629 dicam,
631 2559 782 2629 accusent,
809 2570 880 2632 pars
906 2554 1042 2615 historiae
1069 2552 1241 2632 certissima

184 2662 264 2731 sunt,
286 2658 398 2735 quippe
424 2674 489 2735 quae
512 2674 612 2720 rerum
635 2664 758 2740 eventus
783 2659 1016 2734 contineant;·«
1040 2656 1155 2718 laborat
1178 2656 1240 2718 his·

183 2762 266 2824 toriae
281 2761 367 2836 tides,
391 2763 450 2822 nisi
466 2768 531 2824 acta
546 2763 755 2839 inspiciantur.
781 2785 795 2819 a
814 2762 1002 2840 Quapropter
1017 2762 1055 2823 iis
1070 2760 1240 2823 Leibnitius

183 2866 330 2944 invigilat.
350 2868 417 2930 Non
435 2872 534 2928 tamen
556 2867 674 2946 ignorat
694 2865 866 2944 saepissime
885 2867 1032 2927 maximas
1058 2866 1239 2943 populorum
1349 2949 1352 2954 Ι

183 2971 421 3047 perturbationes
439 2987 474 3032 ex
490 2972 622 3049 parvulis
644 2972 745 3033 causis
771 2971 866 3033 nasci.
891 2992 906 3026 α
932 2971 1016 3047 Saepe
1038 2971 1128 3032 otiam
1147 2986 1238 3032 unam

183 3081 300 3137 noctem
328 3076 474 3153 principis
501 3076 580 3138 male
604 3076 782 3139 dormientis
810 3081 838 3137 et
869 3073 939 3136 inde
969 3074 1098 3137 consilia
1130 3076 1238 3137 acerba

182 3194 218 3240 ex
233 3181 371 3256 prasenti
393 3181 486 3241 animi
506 3181 552 3241 vel
568 3182 703 3257 corporis
718 3180 822 3241 habitu
843 3185 928 3256 capta
949 3195 1018 3240 mou
1033 3179 1128 3253 multa
1143 3181 1236 3242 mise-

182 3298 284 3345 rorum
300 3283 394 3345 millia
409 3299 464 3346 suo
479 3285 626 3362 sanguiue
641 3285 770 3346 luerunt.
789 3306 804 3341 a
827 3284 874 3345 Ad
896 3284 1013 3346 tabulas
1028 3291 1162 3346 actorum
1179 3285 1237 3364 igi-

215 3631 348 3701 Saoc'pny.
360 3623 427 3685 Von
439 3632 532 3686 Beruf
540 3649 664 3686 anseres
674 3634 739 3688 Zeil
748 3634 796 3687 fiir
805 3635 1029 3708 Gesetzgebung
1039 3637 1099 3694 und
1110 3635 1235 3690 Rechts·
1254 3634 1263 3644 '
1342 3651 1345 3654 ·

179 3713 430 3768 wissenschaften.

214 3797 248 3848 Ε.
260 3797 387 3850 'Pertalis
396 3797 479 3851 Esseni
494 3816 545 3852 s-ur
559 3798 676 3853 l’utilite'a
692 3803 727 3855 de
743 3801 772 3854 la
787 3802 984 3858 codifieation.

215 3916 250 3988 (1)
266 3919 396 3991 Epistola
413 3922 468 3976 XV
487 3922 523 3974 ad
539 3923 723 3976 Kestnerum.
