<?xml version="1.0" encoding="UTF-8"?>
<!DOCTYPE html PUBLIC "-//W3C//DTD XHTML 1.0 Transitional//EN"
    "http://www.w3.org/TR/xhtml1/DTD/xhtml1-transitional.dtd">
<html xmlns="http://www.w3.org/1999/xhtml" xml:lang="en" lang="en">
 <head>
  <title>
</title>
<meta http-equiv="Content-Type" content="text/html;charset=utf-8" />
  <meta name='ocr-system' content='tesseract 3.04.00' />
  <meta name='ocr-capabilities' content='ocr_page ocr_carea ocr_par ocr_line ocrx_word'/>
</head>
<body>
  <div class='ocr_page' id='page_1' title='image "./ggleibnitiideno00legrgoog_0060.png"; bbox 0 0 2998 4824; ppageno 0'>
   <div class='ocr_carea' id='block_1_1' title="bbox 664 353 821 454">
    <p class='ocr_par' dir='ltr' id='par_1_1' title="bbox 664 353 821 454">
     <span class='ocr_line' id='line_1_1' title="bbox 664 353 821 454; baseline -0.013 -18"><span class='ocrx_word' id='word_1_1' title='bbox 664 426 702 436; x_wconf 73' lang='grc'>-</span> <span class='ocrx_word' id='word_1_2' title='bbox 721 353 821 454; x_wconf 64' lang='grc'>133-</span> 
     </span>
    </p>
   </div>
   <div class='ocr_carea' id='block_1_2' title="bbox 186 571 1319 3463">
    <p class='ocr_par' dir='ltr' id='par_1_2' title="bbox 186 571 1319 3463">
     <span class='ocr_line' id='line_1_2' title="bbox 256 571 1273 652; baseline 0 -16"><span class='ocrx_word' id='word_1_3' title='bbox 256 573 313 636; x_wconf 87' lang='lat' dir='ltr'>llic</span> <span class='ocrx_word' id='word_1_4' title='bbox 327 573 477 652; x_wconf 72' lang='lat' dir='ltr'>precipue</span> <span class='ocrx_word' id='word_1_5' title='bbox 491 573 631 635; x_wconf 84' lang='lat' dir='ltr'>Leihnitii</span> <span class='ocrx_word' id='word_1_6' title='bbox 647 571 792 635; x_wconf 83' lang='lat' dir='ltr'>adversus</span> <span class='ocrx_word' id='word_1_7' title='bbox 804 572 909 635; x_wconf 91' lang='lat' dir='ltr'>rudem</span> <span class='ocrx_word' id='word_1_8' title='bbox 922 572 1162 652; x_wconf 73' lang='lat' dir='ltr'>indigestamque</span> <span class='ocrx_word' id='word_1_9' title='bbox 1173 575 1273 636; x_wconf 93' lang='lat' dir='ltr'>multi-</span> 
     </span>
     <span class='ocr_line' id='line_1_3' title="bbox 217 677 1271 756; baseline 0.004 -18"><span class='ocrx_word' id='word_1_10' title='bbox 217 677 376 756; x_wconf 85' lang='lat' dir='ltr'>loquorum</span> <span class='ocrx_word' id='word_1_11' title='bbox 385 678 530 741; x_wconf 87' lang='lat' dir='ltr'>librorum</span> <span class='ocrx_word' id='word_1_12' title='bbox 538 679 648 740; x_wconf 89' lang='lat' dir='ltr'>molem</span> <span class='ocrx_word' id='word_1_13' title='bbox 658 678 760 740; x_wconf 93' lang='lat' dir='ltr'>odium</span> <span class='ocrx_word' id='word_1_14' title='bbox 771 682 904 754; x_wconf 87' lang='lat' dir='ltr'>apparet.</span> <span class='ocrx_word' id='word_1_15' title='bbox 917 677 1046 754; x_wconf 87' lang='lat' dir='ltr'>Bellum,</span> <span class='ocrx_word' id='word_1_16' title='bbox 1059 684 1091 741; x_wconf 90' lang='lat' dir='ltr'>ut</span> <span class='ocrx_word' id='word_1_17' title='bbox 1106 677 1147 740; x_wconf 77' lang='lat' dir='ltr'>ita</span> <span class='ocrx_word' id='word_1_18' title='bbox 1161 679 1271 755; x_wconf 91' lang='lat' dir='ltr'>dicam,</span> 
     </span>
     <span class='ocr_line' id='line_1_4' title="bbox 217 781 1296 866; baseline 0.006 -23"><span class='ocrx_word' id='word_1_19' title='bbox 217 782 355 843; x_wconf 83' lang='lat' dir='ltr'>verbosis</span> <span class='ocrx_word' id='word_1_20' title='bbox 370 781 462 843; x_wconf 91' lang='lat' dir='ltr'>medii</span> <span class='ocrx_word' id='word_1_21' title='bbox 486 783 541 845; x_wconf 87' lang='lat' dir='ltr'>aevi</span> <span class='ocrx_word' id='word_1_22' title='bbox 560 782 765 844; x_wconf 83' lang='lat' dir='ltr'>voluminibus</span> <span class='ocrx_word' id='word_1_23' title='bbox 781 782 903 859; x_wconf 89' lang='lat' dir='ltr'>indicit;</span> <span class='ocrx_word' id='word_1_24' title='bbox 922 783 1023 844; x_wconf 89' lang='lat' dir='ltr'>omnia</span> <span class='ocrx_word' id='word_1_25' title='bbox 1045 783 1075 843; x_wconf 94' lang='lat' dir='ltr'>in</span> <span class='ocrx_word' id='word_1_26' title='bbox 1090 783 1273 866; x_wconf 76' lang='lat' dir='ltr'>primitivam</span> <span class='ocrx_word' id='word_1_27' title='bbox 1294 846 1296 849; x_wconf 79' lang='grc'>,</span> 
     </span>
     <span class='ocr_line' id='line_1_5' title="bbox 217 886 1274 962; baseline 0.004 -15"><span class='ocrx_word' id='word_1_28' title='bbox 217 886 444 962; x_wconf 85' lang='lat' dir='ltr'>simplieitatem</span> <span class='ocrx_word' id='word_1_29' title='bbox 469 888 638 962; x_wconf 76' lang='lat' dir='ltr'>restituere,</span> <span class='ocrx_word' id='word_1_30' title='bbox 661 886 762 949; x_wconf 90' lang='lat' dir='ltr'>omnia</span> <span class='ocrx_word' id='word_1_31' title='bbox 785 903 907 961; x_wconf 89' lang='lat' dir='ltr'>normae,</span> <span class='ocrx_word' id='word_1_32' title='bbox 927 887 1066 962; x_wconf 82' lang='lat' dir='ltr'>claritati,</span> <span class='ocrx_word' id='word_1_33' title='bbox 1087 888 1184 949; x_wconf 92' lang='lat' dir='ltr'>ordini</span> <span class='ocrx_word' id='word_1_34' title='bbox 1204 889 1274 951; x_wconf 89' lang='lat' dir='ltr'>sub-</span> 
     </span>
     <span class='ocr_line' id='line_1_6' title="bbox 214 990 1277 1072; baseline 0.006 -22"><span class='ocrx_word' id='word_1_35' title='bbox 214 990 309 1066; x_wconf 85' lang='lat' dir='ltr'>jicere</span> <span class='ocrx_word' id='word_1_36' title='bbox 323 991 353 1051; x_wconf 93' lang='lat' dir='ltr'>in</span> <span class='ocrx_word' id='word_1_37' title='bbox 369 992 470 1052; x_wconf 93' lang='lat' dir='ltr'>animo</span> <span class='ocrx_word' id='word_1_38' title='bbox 482 990 590 1066; x_wconf 88' lang='lat' dir='ltr'>habet;</span> <span class='ocrx_word' id='word_1_39' title='bbox 604 1005 724 1067; x_wconf 85' lang='lat' dir='ltr'>operam</span> <span class='ocrx_word' id='word_1_40' title='bbox 740 1007 830 1069; x_wconf 89' lang='lat' dir='ltr'>quam</span> <span class='ocrx_word' id='word_1_41' title='bbox 846 993 1007 1054; x_wconf 88' lang='lat' dir='ltr'>maximam</span> <span class='ocrx_word' id='word_1_42' title='bbox 1019 998 1116 1068; x_wconf 87' lang='lat' dir='ltr'>navat,</span> <span class='ocrx_word' id='word_1_43' title='bbox 1126 999 1162 1054; x_wconf 88' lang='lat' dir='ltr'>ut</span> <span class='ocrx_word' id='word_1_44' title='bbox 1173 995 1277 1072; x_wconf 82' lang='lat' dir='ltr'>loqua-</span> 
     </span>
     <span class='ocr_line' id='line_1_7' title="bbox 217 1095 1275 1176; baseline 0.004 -20"><span class='ocrx_word' id='word_1_45' title='bbox 217 1095 334 1156; x_wconf 88' lang='lat' dir='ltr'>cissimi</span> <span class='ocrx_word' id='word_1_46' title='bbox 352 1100 530 1157; x_wconf 84' lang='lat' dir='ltr'>tractatuum</span> <span class='ocrx_word' id='word_1_47' title='bbox 546 1096 709 1172; x_wconf 74' lang='lat' dir='ltr'>scriptores</span> <span class='ocrx_word' id='word_1_48' title='bbox 725 1096 844 1157; x_wconf 93' lang='lat' dir='ltr'>tandem</span> <span class='ocrx_word' id='word_1_49' title='bbox 855 1097 947 1159; x_wconf 88' lang='lat' dir='ltr'>silere</span> <span class='ocrx_word' id='word_1_50' title='bbox 961 1104 1118 1176; x_wconf 84' lang='lat' dir='ltr'>cogantur.</span> <span class='ocrx_word' id='word_1_51' title='bbox 1135 1099 1191 1159; x_wconf 89' lang='lat' dir='ltr'>llis</span> <span class='ocrx_word' id='word_1_52' title='bbox 1206 1114 1275 1176; x_wconf 89' lang='lat' dir='ltr'>per-</span> 
     </span>
     <span class='ocr_line' id='line_1_8' title="bbox 220 1198 1273 1280; baseline 0.004 -20"><span class='ocrx_word' id='word_1_53' title='bbox 220 1199 306 1260; x_wconf 88' lang='lat' dir='ltr'>tectis</span> <span class='ocrx_word' id='word_1_54' title='bbox 322 1199 488 1276; x_wconf 83' lang='lat' dir='ltr'>pandectis,</span> <span class='ocrx_word' id='word_1_55' title='bbox 509 1200 660 1260; x_wconf 90' lang='lat' dir='ltr'>neminem</span> <span class='ocrx_word' id='word_1_56' title='bbox 680 1198 741 1261; x_wconf 76' lang='lat' dir='ltr'>tam</span> <span class='ocrx_word' id='word_1_57' title='bbox 761 1201 905 1262; x_wconf 83' lang='lat' dir='ltr'>audacem</span> <span class='ocrx_word' id='word_1_58' title='bbox 919 1199 983 1278; x_wconf 79' lang='lat' dir='ltr'>jam</span> <span class='ocrx_word' id='word_1_59' title='bbox 1003 1216 1071 1264; x_wconf 90' lang='lat' dir='ltr'>esso</span> <span class='ocrx_word' id='word_1_60' title='bbox 1091 1208 1191 1280; x_wconf 86' lang='lat' dir='ltr'>sperat</span> <span class='ocrx_word' id='word_1_61' title='bbox 1210 1204 1273 1280; x_wconf 83' lang='lat' dir='ltr'>qui,</span> 
     </span>
     <span class='ocr_line' id='line_1_9' title="bbox 186 1302 981 1380; baseline 0.005 -16"><span class='ocrx_word' id='word_1_62' title='bbox 186 1302 188 1308; x_wconf 87' lang='lat'>&#39;</span> <span class='ocrx_word' id='word_1_63' title='bbox 219 1304 295 1372; x_wconf 86' lang='lat' dir='ltr'>nihil</span> <span class='ocrx_word' id='word_1_64' title='bbox 311 1305 379 1366; x_wconf 89' lang='lat' dir='ltr'>novi</span> <span class='ocrx_word' id='word_1_65' title='bbox 395 1303 588 1366; x_wconf 89' lang='lat' dir='ltr'>scribendum</span> <span class='ocrx_word' id='word_1_66' title='bbox 603 1305 730 1380; x_wconf 87' lang='lat' dir='ltr'>habens,</span> <span class='ocrx_word' id='word_1_67' title='bbox 746 1305 844 1367; x_wconf 90' lang='lat' dir='ltr'>adiruc</span> <span class='ocrx_word' id='word_1_68' title='bbox 859 1306 981 1368; x_wconf 88' lang='lat' dir='ltr'>scribat.</span> 
     </span>
     <span class='ocr_line' id='line_1_10' title="bbox 260 1407 1276 1488; baseline 0.002 -18"><span class='ocrx_word' id='word_1_69' title='bbox 260 1409 504 1471; x_wconf 77' lang='lat' dir='ltr'>desideratarum</span> <span class='ocrx_word' id='word_1_70' title='bbox 519 1408 666 1470; x_wconf 89' lang='lat' dir='ltr'>librorum</span> <span class='ocrx_word' id='word_1_71' title='bbox 679 1411 728 1487; x_wconf 92' lang='lat' dir='ltr'>qui</span> <span class='ocrx_word' id='word_1_72' title='bbox 738 1409 774 1470; x_wconf 91' lang='lat' dir='ltr'>ad</span> <span class='ocrx_word' id='word_1_73' title='bbox 788 1409 998 1487; x_wconf 87' lang='lat' dir='ltr'>perficiendam</span> <span class='ocrx_word' id='word_1_74' title='bbox 1007 1407 1276 1488; x_wconf 86' lang='lat' dir='ltr'>jurisprudentiam</span> 
     </span>
     <span class='ocr_line' id='line_1_11' title="bbox 218 1511 1276 1593; baseline 0 -19"><span class='ocrx_word' id='word_1_75' title='bbox 218 1514 330 1574; x_wconf 92' lang='lat' dir='ltr'>desunt</span> <span class='ocrx_word' id='word_1_76' title='bbox 343 1514 513 1591; x_wconf 82' lang='lat' dir='ltr'>catalogum</span> <span class='ocrx_word' id='word_1_77' title='bbox 529 1512 638 1589; x_wconf 85' lang='lat' dir='ltr'>efficit;</span> <span class='ocrx_word' id='word_1_78' title='bbox 661 1513 722 1575; x_wconf 84' lang='lat' dir='ltr'>imo</span> <span class='ocrx_word' id='word_1_79' title='bbox 737 1511 873 1576; x_wconf 89' lang='lat' dir='ltr'>minuere</span> <span class='ocrx_word' id='word_1_80' title='bbox 893 1514 958 1592; x_wconf 91' lang='lat' dir='ltr'>ipse</span> <span class='ocrx_word' id='word_1_81' title='bbox 976 1516 1107 1593; x_wconf 89' lang='lat' dir='ltr'>propriis</span> <span class='ocrx_word' id='word_1_82' title='bbox 1122 1514 1276 1577; x_wconf 84' lang='lat' dir='ltr'>laboribus</span> 
     </span>
     <span class='ocr_line' id='line_1_12' title="bbox 221 1617 607 1694; baseline 0.005 -16"><span class='ocrx_word' id='word_1_83' title='bbox 221 1618 390 1694; x_wconf 88' lang='lat' dir='ltr'>pollicetur.</span> <span class='ocrx_word' id='word_1_84' title='bbox 408 1617 465 1688; x_wconf 85' lang='lat' dir='ltr'>Qui</span> <span class='ocrx_word' id='word_1_85' title='bbox 480 1617 587 1678; x_wconf 83' lang='lat' dir='ltr'>tricast</span> <span class='ocrx_word' id='word_1_86' title='bbox 600 1635 607 1680; x_wconf 89' lang='lat'>:</span> 
     </span>
     <span class='ocr_line' id='line_1_13' title="bbox 341 1722 625 1799; baseline 0.011 -17"><span class='ocrx_word' id='word_1_87' title='bbox 341 1722 524 1784; x_wconf 88' lang='lat' dir='ltr'>Partitioues</span> <span class='ocrx_word' id='word_1_88' title='bbox 536 1722 625 1799; x_wconf 83' lang='lat' dir='ltr'>juris.</span> 
     </span>
     <span class='ocr_line' id='line_1_14' title="bbox 340 1825 961 1906; baseline 0.003 -20"><span class='ocrx_word' id='word_1_89' title='bbox 340 1826 537 1904; x_wconf 81' lang='lat' dir='ltr'>Sciagraphia</span> <span class='ocrx_word' id='word_1_90' title='bbox 547 1825 624 1902; x_wconf 91' lang='lat' dir='ltr'>juris</span> <span class='ocrx_word' id='word_1_91' title='bbox 640 1827 670 1886; x_wconf 91' lang='lat' dir='ltr'>in</span> <span class='ocrx_word' id='word_1_92' title='bbox 685 1834 780 1888; x_wconf 92' lang='lat' dir='ltr'>artem</span> <span class='ocrx_word' id='word_1_93' title='bbox 795 1825 961 1906; x_wconf 84' lang='lat' dir='ltr'>redigendi.</span> 
     </span>
     <span class='ocr_line' id='line_1_15' title="bbox 340 1929 681 2006; baseline -0.003 -15"><span class='ocrx_word' id='word_1_94' title='bbox 340 1930 456 2004; x_wconf 82' lang='lat' dir='ltr'>Novum</span> <span class='ocrx_word' id='word_1_95' title='bbox 469 1929 547 2005; x_wconf 85' lang='lat' dir='ltr'>juris</span> <span class='ocrx_word' id='word_1_96' title='bbox 558 1944 681 2006; x_wconf 89' lang='lat' dir='ltr'>corpus.</span> 
     </span>
     <span class='ocr_line' id='line_1_16' title="bbox 342 2033 596 2110; baseline 0 -16"><span class='ocrx_word' id='word_1_97' title='bbox 342 2034 496 2094; x_wconf 84' lang='lat' dir='ltr'>Elementa</span> <span class='ocrx_word' id='word_1_98' title='bbox 506 2033 596 2110; x_wconf 83' lang='lat' dir='ltr'>juris.</span> 
     </span>
     <span class='ocr_line' id='line_1_17' title="bbox 342 2136 798 2200; baseline 0.002 -1"><span class='ocrx_word' id='word_1_99' title='bbox 342 2137 528 2199; x_wconf 79' lang='lat' dir='ltr'>Reformatio</span> <span class='ocrx_word' id='word_1_100' title='bbox 542 2136 798 2200; x_wconf 86' lang='lat' dir='ltr'>brocardtcorum.</span> 
     </span>
     <span class='ocr_line' id='line_1_18' title="bbox 342 2241 1319 2321; baseline 0.007 -19"><span class='ocrx_word' id='word_1_101' title='bbox 342 2241 563 2317; x_wconf 79' lang='lat' dir='ltr'>compendium</span> <span class='ocrx_word' id='word_1_102' title='bbox 578 2243 727 2304; x_wconf 81' lang='lat' dir='ltr'>Menoetii</span> <span class='ocrx_word' id='word_1_103' title='bbox 743 2249 771 2304; x_wconf 90' lang='lat' dir='ltr'>et</span> <span class='ocrx_word' id='word_1_104' title='bbox 787 2243 936 2306; x_wconf 87' lang='lat' dir='ltr'>ltascardt</span> <span class='ocrx_word' id='word_1_105' title='bbox 950 2245 988 2306; x_wconf 90' lang='lat' dir='ltr'>de</span> <span class='ocrx_word' id='word_1_106' title='bbox 1008 2243 1235 2321; x_wconf 86' lang='lat' dir='ltr'>probationibus</span> <span class='ocrx_word' id='word_1_107' title='bbox 1253 2249 1281 2304; x_wconf 89' lang='lat' dir='ltr'>ct</span> <span class='ocrx_word' id='word_1_108' title='bbox 1318 2305 1319 2309; x_wconf 73' lang='grc'>,</span> 
     </span>
     <span class='ocr_line' id='line_1_19' title="bbox 385 2345 682 2421; baseline 0.013 -18"><span class='ocrx_word' id='word_1_109' title='bbox 385 2345 682 2421; x_wconf 85' lang='lat' dir='ltr'>praesumptionibus.</span> 
     </span>
     <span class='ocr_line' id='line_1_20' title="bbox 344 2449 623 2528; baseline -0.007 -18"><span class='ocrx_word' id='word_1_110' title='bbox 344 2449 506 2510; x_wconf 87' lang='lat' dir='ltr'>Theatrum</span> <span class='ocrx_word' id='word_1_111' title='bbox 517 2449 623 2528; x_wconf 83' lang='lat' dir='ltr'>legale.</span> 
     </span>
     <span class='ocr_line' id='line_1_21' title="bbox 345 2553 827 2632; baseline 0.008 -19"><span class='ocrx_word' id='word_1_112' title='bbox 345 2553 479 2614; x_wconf 86' lang='lat' dir='ltr'>Historia</span> <span class='ocrx_word' id='word_1_113' title='bbox 493 2555 692 2617; x_wconf 92' lang='lat' dir='ltr'>mutationum</span> <span class='ocrx_word' id='word_1_114' title='bbox 704 2556 792 2632; x_wconf 89' lang='lat' dir='ltr'>juris.</span> <span class='ocrx_word' id='word_1_115' title='bbox 826 2623 827 2626; x_wconf 46' lang='lat'>,</span> 
     </span>
     <span class='ocr_line' id='line_1_22' title="bbox 345 2657 614 2720; baseline 0.011 -2"><span class='ocrx_word' id='word_1_116' title='bbox 345 2657 477 2720; x_wconf 87' lang='lat' dir='ltr'>Historia</span> <span class='ocrx_word' id='word_1_117' title='bbox 492 2657 614 2720; x_wconf 88' lang='lat' dir='ltr'>irenica.</span> 
     </span>
     <span class='ocr_line' id='line_1_23' title="bbox 345 2761 617 2839; baseline 0.004 -18"><span class='ocrx_word' id='word_1_118' title='bbox 345 2761 516 2839; x_wconf 82' lang='lat' dir='ltr'>Philologia</span> <span class='ocrx_word' id='word_1_119' title='bbox 528 2762 617 2838; x_wconf 88' lang='lat' dir='ltr'>jnris.</span> 
     </span>
     <span class='ocr_line' id='line_1_24' title="bbox 345 2865 644 2942; baseline 0.003 -17"><span class='ocrx_word' id='word_1_120' title='bbox 345 2865 542 2942; x_wconf 88' lang='lat' dir='ltr'>Philosophia</span> <span class='ocrx_word' id='word_1_121' title='bbox 554 2865 644 2941; x_wconf 80' lang='lat' dir='ltr'>iuris.</span> 
     </span>
     <span class='ocr_line' id='line_1_25' title="bbox 347 2969 730 3046; baseline 0.005 -17"><span class='ocrx_word' id='word_1_122' title='bbox 347 2969 572 3031; x_wconf 79' lang='lat' dir='ltr'>concordantiae</span> <span class='ocrx_word' id='word_1_123' title='bbox 584 2969 730 3046; x_wconf 81' lang='lat' dir='ltr'>juridica.</span> 
     </span>
     <span class='ocr_line' id='line_1_26' title="bbox 347 3073 829 3152; baseline 0 -17"><span class='ocrx_word' id='word_1_124' title='bbox 347 3074 449 3150; x_wconf 73' lang='lat' dir='ltr'>tropi,</span> <span class='ocrx_word' id='word_1_125' title='bbox 463 3073 610 3148; x_wconf 80' lang='lat' dir='ltr'>formulae,</span> <span class='ocrx_word' id='word_1_126' title='bbox 625 3073 732 3152; x_wconf 83' lang='lat' dir='ltr'>adagia</span> <span class='ocrx_word' id='word_1_127' title='bbox 741 3073 829 3151; x_wconf 74' lang='lat' dir='ltr'>iuria.</span> 
     </span>
     <span class='ocr_line' id='line_1_27' title="bbox 347 3176 644 3254; baseline 0.007 -17"><span class='ocrx_word' id='word_1_128' title='bbox 347 3176 544 3238; x_wconf 71' lang='lat' dir='ltr'>arithmetica</span> <span class='ocrx_word' id='word_1_129' title='bbox 556 3177 644 3254; x_wconf 88' lang='lat' dir='ltr'>jnris.</span> 
     </span>
     <span class='ocr_line' id='line_1_28' title="bbox 347 3280 682 3343; baseline 0.003 -2"><span class='ocrx_word' id='word_1_130' title='bbox 347 3280 557 3342; x_wconf 81' lang='lat' dir='ltr'>Antinomicus</span> <span class='ocrx_word' id='word_1_131' title='bbox 573 3282 682 3343; x_wconf 89' lang='lat' dir='ltr'>minor.</span> 
     </span>
     <span class='ocr_line' id='line_1_29' title="bbox 349 3384 799 3463; baseline 0.004 -19"><span class='ocrx_word' id='word_1_132' title='bbox 349 3384 642 3463; x_wconf 87' lang='lat' dir='ltr'>Institutionesjuris</span> <span class='ocrx_word' id='word_1_133' title='bbox 655 3387 799 3447; x_wconf 88' lang='lat' dir='ltr'>universi.</span> 
     </span>
    </p>
   </div>
   <div class='ocr_carea' id='block_1_3' title="bbox 230 3656 651 3667">
    <p class='ocr_par' dir='ltr' id='par_1_3' title="bbox 230 3656 651 3667">
     <span class='ocr_line' id='line_1_30' title="bbox 230 3656 651 3667; baseline -0.002 0"><span class='ocrx_word' id='word_1_134' title='bbox 230 3656 651 3667; x_wconf 55' lang='lat' dir='ltr'><em>m</em></span> 
     </span>
    </p>
   </div>
   <div class='ocr_carea' id='block_1_4' title="bbox 230 3775 1290 3996">
    <p class='ocr_par' dir='ltr' id='par_1_4' title="bbox 230 3775 1290 3996">
     <span class='ocr_line' id='line_1_31' title="bbox 230 3775 1289 3851; baseline -0.003 -21"><span class='ocrx_word' id='word_1_135' title='bbox 230 3779 306 3831; x_wconf 87' lang='lat' dir='ltr'>droit</span> <span class='ocrx_word' id='word_1_136' title='bbox 319 3779 434 3833; x_wconf 85' lang='lat' dir='ltr'>naturel</span> <span class='ocrx_word' id='word_1_137' title='bbox 449 3779 465 3832; x_wconf 75' lang='lat' dir='ltr'>d</span> <span class='ocrx_word' id='word_1_138' title='bbox 481 3777 580 3832; x_wconf 74' lang='lat' dir='ltr'>dc&#39;afaut</span> <span class='ocrx_word' id='word_1_139' title='bbox 601 3780 637 3832; x_wconf 85' lang='lat' dir='ltr'>de</span> <span class='ocrx_word' id='word_1_140' title='bbox 652 3781 682 3833; x_wconf 86' lang='lat' dir='ltr'>la</span> <span class='ocrx_word' id='word_1_141' title='bbox 700 3779 741 3832; x_wconf 84' lang='lat' dir='ltr'>loi</span> <span class='ocrx_word' id='word_1_142' title='bbox 756 3797 807 3851; x_wconf 89' lang='lat' dir='ltr'>par</span> <span class='ocrx_word' id='word_1_143' title='bbox 828 3779 856 3833; x_wconf 86' lang='lat' dir='ltr'>lc</span> <span class='ocrx_word' id='word_1_144' title='bbox 870 3795 977 3847; x_wconf 85' lang='lat' dir='ltr'>moyen</span> <span class='ocrx_word' id='word_1_145' title='bbox 992 3778 1027 3830; x_wconf 89' lang='lat' dir='ltr'>de</span> <span class='ocrx_word' id='word_1_146' title='bbox 1043 3776 1071 3829; x_wconf 88' lang='lat' dir='ltr'>la</span> <span class='ocrx_word' id='word_1_147' title='bbox 1089 3777 1186 3830; x_wconf 85' lang='lat' dir='ltr'>raison</span> <span class='ocrx_word' id='word_1_148' title='bbox 1200 3783 1228 3828; x_wconf 90' lang='lat' dir='ltr'>et</span> <span class='ocrx_word' id='word_1_149' title='bbox 1244 3775 1289 3830; x_wconf 85' lang='lat' dir='ltr'>les</span> 
     </span>
     <span class='ocr_line' id='line_1_32' title="bbox 231 3857 1290 3932; baseline 0 -22"><span class='ocrx_word' id='word_1_150' title='bbox 231 3858 287 3912; x_wconf 86' lang='lat' dir='ltr'>lois</span> <span class='ocrx_word' id='word_1_151' title='bbox 298 3862 333 3915; x_wconf 89' lang='lat' dir='ltr'>de</span> <span class='ocrx_word' id='word_1_152' title='bbox 345 3863 457 3932; x_wconf 87' lang='lat' dir='ltr'>chaque</span> <span class='ocrx_word' id='word_1_153' title='bbox 471 3879 541 3932; x_wconf 77' lang='lat' dir='ltr'>pays</span> <span class='ocrx_word' id='word_1_154' title='bbox 557 3869 623 3916; x_wconf 91' lang='lat' dir='ltr'>sont</span> <span class='ocrx_word' id='word_1_155' title='bbox 637 3862 723 3916; x_wconf 87' lang='lat' dir='ltr'>finies</span> <span class='ocrx_word' id='word_1_156' title='bbox 740 3879 778 3915; x_wconf 92' lang='lat' dir='ltr'>ou</span> <span class='ocrx_word' id='word_1_157' title='bbox 794 3858 990 3915; x_wconf 70' lang='lat' dir='ltr'>determinees</span> <span class='ocrx_word' id='word_1_158' title='bbox 1005 3877 1043 3912; x_wconf 91' lang='lat' dir='ltr'>nu</span> <span class='ocrx_word' id='word_1_159' title='bbox 1056 3863 1184 3930; x_wconf 82' lang='lat' dir='ltr'>peuvent</span> <span class='ocrx_word' id='word_1_160' title='bbox 1197 3857 1225 3910; x_wconf 91' lang='lat' dir='ltr'>le</span> <span class='ocrx_word' id='word_1_161' title='bbox 1239 3859 1290 3910; x_wconf 85' lang='lat' dir='ltr'>de-</span> 
     </span>
     <span class='ocr_line' id='line_1_33' title="bbox 231 3957 356 3996; baseline -0.008 -1"><span class='ocrx_word' id='word_1_162' title='bbox 231 3957 324 3996; x_wconf 74' lang='lat' dir='ltr'>venir.</span> <span class='ocrx_word' id='word_1_163' title='bbox 342 3964 356 3994; x_wconf 85' lang='grc'>&gt;&gt;</span> 
     </span>
    </p>
   </div>
   <div class='ocr_carea' id='block_1_5' title="bbox 0 0 1531 4824">
    <p class='ocr_par' dir='ltr' id='par_1_5' title="bbox 0 0 1531 4824">
     <span class='ocr_line' id='line_1_34' title="bbox 0 0 1531 4824; baseline 0 0"><span class='ocrx_word' id='word_1_164' title='bbox 0 0 1531 4824; x_wconf 95' lang='lat' dir='ltr'> </span> 
     </span>
    </p>
   </div>
  </div>
 </body>
</html>
