2998 4824
621 403 779 464 -ῃμ

209 583 359 648 llactenirs
381 584 418 647 de
438 583 669 659 assuefactione,
690 599 743 646 seu
766 580 887 644 habitus
908 580 1001 646 causti
1018 582 1108 646 ctiam
1133 596 1226 645 sensu

169 690 340 754 carentibus
364 689 527 752 communi.
550 686 664 765 Nempe
689 693 791 750 noster
809 686 956 766 quidquid
982 687 1108 750 actionis
1134 702 1228 763 capax

168 800 216 856 cst
235 791 365 872 subjecti
389 793 510 855 nominc
531 792 750 869 complectitur,
777 798 805 856 et
828 791 991 856 inanimata
1014 792 1104 854 certis
1130 792 1226 854 actio-

168 897 259 960 nibus
283 897 438 960 assuefieri
461 911 552 974 posse
575 896 737 960 contendit.
765 895 886 971 Postea,
909 893 1051 973 tanquam
1077 895 1227 974 gradatim

170 1000 324 1077 prodiens,
345 999 382 1062 ad
401 999 588 1062 doctrinam
607 1001 698 1075 venit,
718 1000 804 1076 cujus
822 1006 869 1064 est
887 1000 1022 1062 lrabitum
1042 1001 1073 1062 in
1093 999 1226 1062 sentien-
1279 996 1281 998 ’

170 1104 251 1168 tibus
267 1105 403 1167 educere.
421 1105 570 1169 Doctrinae
585 1103 656 1168 vero
675 1105 758 1182 leges
778 1111 839 1166 tres
855 1110 949 1170 sunt:
970 1104 1110 1168 videlicet
1127 1109 1159 1166 ut
1179 1119 1229 1166 so-
1331 1097 1337 1104 '

170 1207 242 1290 lide,
260 1215 293 1270 ut
309 1209 379 1285 cito,
401 1215 433 1271 ut
445 1207 576 1285 jucunde
594 1208 745 1272 doceatur.
763 1209 801 1274 Ut
816 1208 940 1272 firmiter
955 1209 1048 1272 animi
1069 1209 1230 1272 instituan-

170 1319 228 1389 tur,
250 1314 401 1376 actionum
421 1313 581 1377 multitudo
606 1312 717 1389 etiem
737 1318 769 1378 ut
793 1311 864 1388 cito,
890 1312 1082 1392 magnitudo;
1097 1312 1135 1376 de
1158 1313 1227 1390 qui-

169 1417 228 1482 uus
240 1417 302 1494 jam
317 1417 430 1482 dictum
445 1423 502 1481 est,
519 1415 655 1480 Jrrcunde
669 1416 795 1480 docendi
815 1417 891 1480 ratio
905 1432 965 1480 non
986 1418 1045 1479 nisi
1061 1417 1091 1480 io
1115 1411 1228 1482 anima-

170 1521 250 1583 libus
276 1522 375 1584 locum
395 1521 496 1596 habet,
522 1519 586 1584 tiun
612 1521 638 1584 si
664 1521 733 1586 finis
756 1521 907 1597 jucundus
931 1521 1007 1598 ipsis
1032 1526 1227 1599 proponatur,

169 1626 251 1688 verni
271 1625 368 1704 gratia
387 1625 485 1688 lrrutis
503 1639 573 1689 esca
588 1631 617 1690 et
638 1625 801 1701 blanditiae,
827 1625 1002 1690 homiuibus
1022 1625 1094 1688 vend
1113 1627 1228 1688 utilitas

170 1735 198 1792 et
216 1727 404 1805 honestum
426 1729 451 1792 si
468 1728 566 1792 media
584 1729 719 1806 jucunda
740 1731 811 1804 sint,
827 1729 908 1808 quod
927 1731 960 1792 fit
979 1731 1006 1794 si
1028 1729 1159 1794 ludendo
1173 1729 1228 1793 do-

169 1840 283 1896 ceatur.

208 1935 351 2000 Protinus
373 1935 613 1998 institutionem
641 1937 727 2015 quasi
751 1952 904 2000 summum
933 1938 1061 2017 gradum
1086 1938 1228 2018 aggredi-

170 2048 228 2103 tur.
248 2043 363 2118 Nempe
382 2041 633 2106 assuefactionem
654 2041 746 2105 simul
767 2042 921 2117 inanimis,
937 2043 1033 2104 brutis
1052 2048 1080 2104 et
1095 2043 1229 2104 immini-

170 2146 226 2210 lius
246 2159 437 2208 communem
456 2160 524 2206 esse
543 2146 697 2221 vidimus;
718 2145 885 2210 doctrinam
905 2145 974 2209 verri
994 2146 1092 2208 brutis
1112 2143 1228 2208 tantum

166 2256 198 2334 pt
220 2250 418 2326 nominibus;
439 2249 587 2311 institutio
604 2256 703 2312 autem
723 2250 856 2312 hominis
878 2253 1000 2328 propria
1020 2256 1076 2312 est.

211 2353 361 2426 Quantum
377 2354 414 2415 ad
434 2353 587 2415 hominem
605 2353 719 2428 attinet,
742 2352 830 2430 lrujds
845 2354 965 2415 habitus
986 2355 1033 2416 vel
1053 2354 1091 2415 ad
1105 2371 1228 2415 memo·

171 2457 270 2526 riom,
294 2458 341 2521 rel
360 2458 397 2520 ad
419 2456 640 2518 invectionem
659 2458 707 2520 vel
727 2459 764 2519 ad
782 2456 949 2537 judiciam
971 2464 1126 2535 spectant:
1149 2458 1228 2522 unde

171 2569 199 2626 et
221 2562 380 2625 didacticc
401 2565 527 2626 istorum
544 2547 702 2624 habituum
716 2562 824 2640 triplex
847 2567 915 2625 est:
941 2559 1159 2629 msocmimica,
1181 2569 1228 2623 to-

169 2666 253 2748 pica,
269 2667 446 2748 analytica.
463 2667 544 2744 (Quae
555 2667 676 2746 quidem
691 2667 801 2730 divisio
814 2672 860 2730 est
877 2672 938 2730 tota
952 2669 1073 2744 Baconi)
1091 2668 1139 2744 (l).
1157 2667 1228 2739 Qrti·

170 2771 228 2834 bus
246 2772 374 2851 denique
392 2770 634 2849 methodolopc'a
652 2787 712 2833 non
734 2771 883 2834 immeritd
902 2772 1038 2834 addetur.
1061 2774 1228 2836 «Mnemo-

170 2878 239 2938 nica
267 2882 387 2953 praestat
416 2877 584 2951 materiam,
611 2875 835 2954 methodologia
861 2876 1000 2951 formam,
1031 2879 1129 2955 logica
1154 2880 1229 2960 (quaa

170 2982 300 3058 topicam
322 2987 350 3044 ct
364 2981 541 3060 analyticam
557 2981 695 3056 continet)
718 2979 950 3058 applicationem
963 2982 1095 3044 materiae
1110 2981 1147 3044 ad
1163 2982 1227 3045 for·

171 3101 295 3148 malli.»

152 3241 165 3270 ,
210 3189 405 3252 ltlnemonicae
419 3189 541 3267 quidem
556 3187 782 3251 fundamentum
801 3189 848 3251 vel
868 3190 898 3249 in
913 3190 1136 3266 comparatione
1151 3189 1227 3266 qud-

171 3293 239 3356 dam
253 3294 299 3357 vel
315 3295 345 3355 in
364 3295 547 3358 connexione
566 3294 731 3356 consistere
749 3293 899 3357 Leibnitio
914 3293 1055 3357 ridetur:
1078 3295 1226 3373 optimum

205 3657 239 3728 (l)
260 3659 303 3711 De
314 3659 478 3729 augmentis
490 3659 687 3723 scientiarum,
702 3659 722 3712 l.
737 3661 776 3723 II,
788 3677 851 3731 cap.
866 3661 889 3717 Ι.

206 3758 220 3788 «
242 3739 361 3792 Par-titio
381 3740 520 3794 doctrinae
540 3746 585 3794 est
604 3757 639 3793 ea
656 3741 814 3796 verissima
833 3759 899 3813 quae
920 3745 1049 3800 sumitur
1070 3760 1108 3798 ex
1125 3737 1233 3810 triplici

170 3820 304 3876 facultate
321 3822 425 3877 animae
442 3823 601 3888 rationalia,
616 3840 683 3895 quae
697 3825 838 3888 doctrinae
854 3826 940 3882 sedes
957 3837 1012 3884 est.
1032 3845 1047 3876 »

1149 3933 1164 3984 ᾖ
1280 3965 1282 3970 .
