2998 4824
651 445 807 507 ...qq-

198 629 417 708 expnobmntun
427 628 584 689 admittere
599 643 726 706 nequeo.
742 628 860 689 Etenim
877 625 969 704 quum
985 625 1107 687 Gallice
1122 624 1258 701 philoso-

198 735 277 810 pniae
300 738 384 811 pater
409 733 464 794 hoc
488 732 619 794 diceret:
641 732 787 810 quidquid
806 730 886 794 claud
901 729 1101 807 distincteque
1121 729 1255 807 percipio

198 836 274 899 illud
289 842 335 899 est
354 852 470 911 ventum,
496 837 630 897 animum
646 833 798 913 nunquam
821 837 851 896 in
865 837 929 898 veri
945 835 1136 913 indagatione
1155 848 1256 894 errare

198 940 282 1004 nudo
298 941 387 1003 modo
402 940 610 1015 contendebat,
624 938 831 1002 tantummodo
842 955 877 1001 ac
892 938 998 1001 merito
1014 937 1204 1018 significabat
1217 936 1255 997 de

197 1045 349 1107 universis
365 1045 455 1106 nebus
477 1059 536 1106 nou
561 1043 759 1106 dubitandum
774 1058 854 1119 esse,
873 1049 1063 1121 mentemque
1084 1040 1176 1119 quum
1192 1041 1255 1103 evi-

197 1149 378 1211 dentissimo
399 1149 590 1211 conscientiae
614 1148 787 1210 testimonio
807 1147 896 1209 tidem
916 1148 1081 1222 adhiberet,
1103 1145 1183 1208 haud
1208 1147 1255 1207 in·

197 1251 282 1314 sulse
294 1268 394 1331 agene.
411 1252 497 1323 Quod
511 1250 717 1330 quamverum
729 1253 769 1313 sit
781 1252 825 1313 iili
839 1251 971 1330 profecto
983 1251 1189 1314 demonstrant
1202 1251 1254 1328 qui

196 1357 235 1418 de
251 1356 306 1419 sua
324 1357 459 1434 ipsorum
484 1362 583 1418 monte
606 1355 776 1418 dubitantes
789 1357 944 1418 venitatem
959 1371 1079 1418 omnem
1097 1360 1206 1417 eruunt
1226 1360 1256 1416 et

197 1461 331 1538 ejiciunt.
355 1461 466 1523 Ceterae
479 1461 550 1524 vend
571 1460 698 1523 Centesii
713 1460 825 1539 regulae
846 1458 960 1522 tantum
975 1460 1062 1522 abest
1075 1465 1108 1521 ut
1130 1460 1254 1521 fallaces

196 1571 249 1627 aut
263 1581 490 1643 supervacaneae
505 1565 565 1626 sint
576 1569 607 1626 ut
619 1565 702 1642 ipsas
714 1565 1080 1643 Leibnitiiptaeceptiones
1093 1579 1151 1626 non
1163 1561 1254 1625 modo

196 1676 350 1747 superent,
372 1669 534 1731 sedetiam
556 1669 737 1731 contineant.
755 1666 870 1746 Nempe
890 1668 957 1730 duee
979 1669 1121 1731 Leibnitii
1143 1668 1254 1746 regulae

196 1772 298 1851 reipsa
312 1772 330 1835 d
344 1774 528 1835 Centesianis
543 1771 668 1834 minime
683 1772 841 1849 differuut;
856 1772 960 1836 venium
975 1773 1068 1852 quium
1083 1773 1252 1835 Leibnitius

195 1875 337 1939 universe
352 1877 476 1938 suadeat
490 1882 522 1938 ut
536 1893 641 1938 venum
656 1877 770 1939 ratione
785 1876 910 1954 pnecise
925 1893 959 1939 ac
976 1878 1137 1957 diligenter
1152 1878 1253 1954 inqui-

194 1988 290 2056 ratur,
305 1983 458 2044 Cautosius
475 1981 562 2059 (quod
578 1981 672 2044 mutto
687 1983 815 2058 prestat)
832 1983 908 2059 vias,
926 1989 960 2045 ut
979 1982 1019 2044 ita
1033 1982 1144 2059 dicam,
1158 1998 1252 2045 mon-

194 2090 272 2146 strat
288 2099 341 2162 pen
352 2102 428 2163 quas
445 2085 568 2148 immitet
582 2087 644 2148 haee
660 2086 816 2164 inquisitio
833 2087 892 2150 iiat.

626 2629 770 2700 CAPUT
796 2630 827 2700 ΙΙ

526 2903 572 2951 DE
598 2903 749 2952 HABITUS
775 2903 926 2974 OBJECTo

236 3133 282 3195 Ad
297 3134 444 3211 objectum
460 3134 621 3208 mansione,
639 3134 667 3196 id
680 3113 726 3195 est
737 3134 774 3195 ad
783 3149 816 3195 ea
827 3133 937 3210 quibus
952 3134 1109 3197 hominum
1121 3133 1251 3214 quisque

195 3238 276 3300 vines
287 3237 440 3300 intendere
450 3237 735 3312 valeat,Leibnitius
747 3237 904 3299 habituum
915 3239 1091 3316 generaduo
1102 3241 1249 3303 secernit:

192 3357 289 3402 unum
305 3341 382 3419 quod
398 3341 436 3414 ad
451 3357 572 3419 corpus,
588 3342 715 3403 alterum
730 3341 809 3419 quod
824 3341 861 3402 ad
876 3343 1010 3404 animum
1023 3350 1148 3421 spectet.

237 3444 298 3521 Ipsi
313 3451 412 3508 autem
428 3445 577 3526 conponis
596 3444 725 3507 habitus
740 3446 787 3508 vel
803 3451 874 3507 sunt
887 3445 974 3507 cneco
989 3446 1149 3508 notionem
1170 3466 1252 3529 opus

193 3546 439 3629 relinquentem,
458 3551 504 3613 vel
518 3548 596 3630 faeti
611 3549 832 3611 transeuntis:
848 3550 927 3612 unde
941 3567 1018 3614 nova
1033 3554 1153 3629 partitio
1168 3569 1251 3632 quae·

193 3653 266 3714 dam
281 3656 386 3716 oritur.

235 3757 327 3818 Artes
342 3775 423 3837 opus
438 3756 653 3840 relinquentes
666 3759 713 3822 vel
729 3763 887 3820 notorum
897 3769 1098 3839 promouent,
1113 3765 1156 3826 uti
1168 3766 1250 3844 agn-

193 3861 322 3938 cultum,
338 3864 545 3939 hortieultuna,
566 3880 616 3926 ans
632 3865 799 3942 pastoritia,
814 3864 942 3942 medica,
958 3861 1098 3945 chimiea,
1111 3876 1186 3947 etc.;
1204 3873 1249 3933 vel

193 3982 293 4028 sumn
309 3967 386 4029 aoioe
402 3974 569 4049 peroqont
593 3974 747 4048 totumque
769 3985 848 4048 opus
866 3979 1062 4050 exequuntur,
1083 3976 1174 4038 velini
1200 3992 1249 4037 ars
