2998 4824
712 411 870 474 ...66-

255 587 332 664 juris
347 597 459 652 naturae
480 591 587 652 transit
601 606 691 668 quam
716 592 935 654 Pudendorlius
951 607 1010 654 non
1026 593 1056 654 in
1074 607 1173 657 rerum
1190 593 1309 668 natura,

258 694 312 755 sed
332 693 362 755 in
380 695 546 771 superioris
561 695 680 757 decreto
695 695 831 758 collocat.
853 695 1009 767 Quomodo
1028 695 1161 758 delinitio
1177 697 1235 759 ista
1251 697 1315 759 olli-

257 798 337 859 cium
353 813 441 860 omne
460 800 544 861 tollat
562 806 664 862 noster
679 797 878 878 sagacissime
895 799 1017 878 detegit.
1039 799 1190 878 ulirgdne
1211 799 1315 864 contra

255 901 403 977 iustitiam
415 917 473 964 non
489 903 577 965 saciet
592 903 712 964 summai
726 908 872 980 potestate
887 903 1030 980 praeditus
1049 893 1101 983 qui
1117 904 1269 982 tyrannice
1285 906 1315 966 in

259 1021 331 1068 suos
351 1005 550 1084 grassabitur,
571 1007 622 1084 qui
641 1006 780 1068 subditos
802 1021 855 1083 pro
877 1006 1003 1068 libidine
1020 1008 1173 1085 spoliabit,
1192 1008 1313 1087 adliget,

259 1125 312 1187 per
326 1115 474 1172 tormenta
495 1111 624 1186 necabit,
649 1111 701 1188 qui
723 1109 835 1171 bellum
851 1111 937 1171 alteri
959 1110 1025 1172 sine
1044 1111 1136 1172 causat
1152 1111 1313 1174 inleret‘t»

258 1213 378 1275 Atenim
393 1215 457 1276 baec
478 1215 609 1291 pravitas
629 1214 706 1275 nibil
727 1212 809 1275 aliud
824 1211 914 1290 quam
930 1215 1047 1291 species
1062 1221 1127 1291 est;
1149 1231 1219 1276 nam
1234 1216 1314 1277 Deus

258 1318 394 1380 omnium
406 1320 544 1395 superior
554 1323 610 1380 est.
628 1319 712 1380 lianc
727 1317 796 1381 verb
811 1319 898 1395 quasi
913 1319 1137 1381 excusationem
1151 1335 1209 1382 non
1226 1320 1316 1381 Leib-

228 1433 231 1440 ⁴
259 1423 353 1483 nitius
369 1428 463 1484 ratam
485 1423 592 1498 babet;
618 1423 680 1484 lieo
695 1423 782 1500 quasi
797 1427 922 1499 tyranno
948 1438 1053 1500 parere
1070 1429 1199 1498 recusat,
1220 1437 1316 1500 neque

260 1525 345 1587 illurn
360 1523 476 1588 tantdm
492 1527 530 1588 ob
547 1526 786 1605 magnitudinem
805 1527 900 1602 timet,
919 1527 1079 1588 sedetiam
1098 1526 1136 1589 ob
1152 1527 1315 1601 bonitatem

259 1635 349 1692 amat.
368 1651 382 1686 r
399 1631 502 1708 Neque
518 1632 595 1708 ipsa,
612 1631 719 1709 inquit,
737 1645 842 1692 norma
856 1631 1008 1692 actionum
1024 1638 1074 1692 aut
1090 1637 1196 1691 natura
1208 1631 1282 1706 justi
1298 1628 1315 1691 l

259 1734 354 1796 libero
369 1735 433 1811 ejus
444 1735 575 1810 decreto,
590 1734 643 1796 sed
655 1734 692 1794 ab
708 1734 827 1796 aeternis
841 1734 1018 1796 veritatibus
1034 1733 1135 1796 divino
1151 1734 1315 1797 intellectui

259 1837 384 1915 obiectis
399 1839 524 1916 pendet;
539 1853 606 1916 quac
623 1839 707 1916 ipsae,
724 1843 756 1899 ut
777 1837 822 1899 sic
840 1837 950 1912 dicam,
966 1836 1068 1900 divina
1092 1836 1225 1898 essentia
1242 1852 1314 1899 con-

260 1943 424 2004 stituuntur
434 1942 601 2020 meritoque
612 1940 629 2004 a
640 1943 789 2020 theologis
801 1942 1113 2018 auctorreprebensus
1124 1947 1180 2017 est,
1194 1940 1314 2019 quaodd

260 2047 442 2109 contrarium
452 2046 594 2122 defendit,
606 2046 695 2108 credo
710 2047 781 2124 quia
796 2061 902 2123 pravas
917 2045 1148 2122 consequentias
1160 2060 1219 2107 non
1232 2059 1317 2123 pers·

259 2151 402 2227 perisset.
418 2151 521 2228 Neque
536 2150 616 2211 enim
628 2149 745 2226 iustitia
759 2149 921 2211 essentiale
941 2150 994 2210 Dei
1010 2149 1186 2210 attributum
1201 2149 1270 2224 erit,
1288 2150 1314 2210 si

260 2256 326 2333 ipse
337 2256 387 2332 jus
402 2262 431 2317 et
443 2255 591 2332 iustitiam
606 2254 730 2316 arbitrio
746 2269 801 2316 suo
816 2253 961 2316 condidit.
978 2252 1015 2314 Et
1032 2251 1102 2315 verb
1118 2253 1235 2330 iustitia
1251 2268 1315 2314 ser-

258 2366 308 2422 vat
318 2360 463 2436 quasdam
472 2359 649 2436 aequalitatis
663 2357 1031 2437 proportionnalitatisque
1040 2356 1134 2434 legeS,
1145 2371 1204 2417 non
1215 2357 1316 2418 minus

261 2464 290 2523 in
314 2462 419 2524 natrrra
442 2478 542 2525 rerum
565 2456 746 2524 immutabili
764 2462 934 2538 divinisque
959 2459 1097 2522 fundatas
1119 2459 1207 2536 ideis,
1226 2457 1316 2538 quam

260 2563 331 2628 snnt
345 2567 492 2644 principia
507 2567 701 2628 arithmeticae
712 2571 740 2626 et
751 2565 923 2644 geometriae
934 2565 981 2640 (l).
1000 2585 1014 2620 a

300 2669 500 2731 Puiiendorlio
515 2668 556 2730 itd
580 2669 743 2742 confutato,
766 2684 854 2729 suum
871 2674 1003 2745 systema
1022 2667 1189 2729 Leibnitius
1208 2669 1315 2746 aperit.

260 2772 419 2836 Contendit
430 2773 511 2834 enim
528 2793 543 2829 u
558 2772 660 2852 finem
671 2772 748 2849 juris
758 2773 978 2835 naturalisesse
989 2773 1102 2834 bonum
1113 2773 1315 2850 servantium;

261 2875 416 2958 objectum
430 2877 575 2956 quidquid
590 2878 718 2940 aliorum
735 2879 857 2940 interest
873 2882 902 2939 et
921 2877 951 2938 in
966 2875 1069 2939 nostri
1083 2882 1128 2938 est
1143 2882 1290 2953 potestate
1307 2895 1315 2953 ;

260 3001 394 3042 coucam
408 2982 537 3060 denique
552 2981 739 3062 efficientem
755 2983 784 3043 in
800 2981 887 3044 nobis
904 2997 973 3044 esse
990 2983 1115 3045 rationis
1135 2988 1252 3045 aeterna
1268 2983 1316 3044 lu·

260 3103 329 3151 men
344 3088 487 3151 divinitus
503 3089 533 3148 in
549 3087 700 3149 mentibus
715 3102 888 3148 accensum.
908 3108 921 3142 u

297 3354 332 3427 (l)
351 3357 517 3408 Nouveaux
531 3353 640 3416 EssaiS,
653 3354 704 3415 iv,
719 3352 746 3416 2,
761 3351 782 3422 δ
797 3350 840 3404 18.

203 3438 206 3444 ’
297 3458 311 3487 ‹<
327 3436 373 3490 On
385 3443 455 3507 peut
465 3435 552 3506 juger
566 3433 688 3504 dujuste
698 3440 727 3486 et
737 3435 772 3487 de
788 3432 917 3504 l'injuste
932 3434 1013 3486 aussi
1023 3433 1315 3486 incontestablement

261 3537 317 3589 quc
333 3520 405 3571 dans
420 3517 464 3571 les
475 3515 720 3587 mathematique3
736 3533 788 3586 par
803 3514 935 3586 exempla
949 3521 1024 3568 cette
1038 3515 1232 3587 proposition:
1247 3515 1315 3567 Ilnc

258 3602 396 3671 cauraa'tq
407 3601 486 3652 avoir
500 3600 530 3652 dc
546 3599 691 3667 l'c'rcjusta'cc
705 3597 741 3650 od
755 3599 778 3651 a'l
790 3598 838 3668 rc'y
850 3599 958 3667 apoliti
972 3597 1003 3650 de
1011 3595 1161 3666 proprie'td,
1177 3603 1222 3649 est
1234 3597 1314 3649 arrssi

260 3683 385 3736 certaine
402 3684 565 3753 qu’aucune
582 3680 811 3734 demonstration
831 3680 880 3750 qui
896 3679 953 3733 soit
968 3680 1039 3732 dans
1056 3677 1188 3741 Euclide,
1205 3678 1233 3732 la
1247 3697 1314 3749 pro-

260 3763 350 3836 priete
367 3764 444 3817 etant
457 3764 485 3818 le
499 3765 576 3817 droit
590 3763 673 3816 dune
684 3763 811 3816 certaine
828 3761 916 3816 chose
932 3767 960 3815 ct
969 3761 1126 3832 l'injustice
1137 3760 1315 3815 laviol'ation
1340 3817 1342 3820 ,

260 3847 329 3898 d’un
344 3847 428 3900 droit.
445 3847 469 3899 Il
485 3864 521 3899 en
534 3853 578 3899 est
589 3847 624 3899 de
635 3845 729 3899 mdme
746 3846 781 3898 de
798 3851 872 3899 cette
881 3845 1080 3916 proposition:
1097 3843 1156 3897 Nol
1168 3861 1315 3914 qoooeroe-
1483 3841 1484 3870 ¹

260 3934 333 3984 inerit
347 3929 486 3983 re’accorde
501 3947 555 3982 utre
569 3927 663 3982 liberte
674 3929 791 3980 abactor.
808 3947 821 3975 »
