2998 4824
709 395 868 457 ..24-

256 578 343 652 cine,
371 577 541 655 tbeelogiae,
568 575 812 654 jurispmdeutiae
840 577 997 650 elementa,
1027 572 1199 652 (optandum
1234 577 1315 638 enim

255 680 421 760 quemlibet
441 682 598 743 bominum
612 695 681 743 esse
701 678 891 759 aliquatenbs
912 680 1074 756 medicum,
1091 680 1151 742 imd
1162 680 1315 757 juriscon-

257 786 370 848 sultum
391 791 419 847 et
442 786 635 864 theologum),
660 785 781 863 linguas
796 786 937 864 gallicam
951 791 979 847 et
1001 785 1144 859 italicam,
1161 785 1315 846 llcbraicae

257 891 426 968 Graecaeque
440 896 555 952 tantum
570 895 602 952 ut
617 890 785 968 intelligere
797 890 855 966 ipsi
870 896 956 952 vetus
971 903 1141 967 novtunque
1151 894 1314 950 testamen-

255 1003 319 1057 tum
341 995 438 1057 liceat.
454 992 601 1056 Praetered
618 993 764 1056 declamet
777 992 896 1071 publice
911 1000 940 1054 et
955 994 985 1054 iu
999 993 1161 1055 comedias
1177 993 1312 1070 prodeat.

257 1121 272 1156 a
291 1099 351 1161 Sed
370 1097 515 1177 primario
534 1106 706 1161 exerceatur
726 1099 756 1159 iu
776 1098 1015 1176 concussione
1035 1100 1065 1160 in
1083 1095 1143 1176 que
1166 1113 1238 1160 suas
1256 1099 1313 1160 ali-

255 1203 375 1281 quando
390 1203 475 1265 dotes
487 1204 690 1280 explicaturus
706 1208 763 1264 est.
780 1202 894 1264 llabeat
909 1216 1027 1280 quoque
1041 1210 1072 1263 ot
1084 1202 1228 1264 librorum
1240 1217 1313 1281 cug-

255 1307 410 1381 nitionem,
427 1322 493 1385 quta
508 1308 618 1368 mirum
634 1312 777 1385 quantum
793 1311 821 1368 et
836 1309 1002 1369 ornamenti
1018 1313 1046 1369 et
1060 1307 1200 1368 utilitatis
1219 1323 1312 1384 proes-

255 1415 307 1474 tet.
322 1411 409 1472 Vivat
423 1412 480 1473 boc
495 1415 628 1488 tempore
642 1425 702 1473 nou
723 1411 753 1472 io
769 1410 883 1486 soboli,
900 1410 954 1473 sed
971 1410 1127 1473 academie
1140 1411 1186 1474 vel
1201 1411 1269 1472 aula
1284 1418 1314 1472 et

254 1515 367 1592 nlioqui
392 1516 458 1577 loco
479 1513 602 1590 celebri,
628 1514 657 1576 in
682 1531 742 1593 quo
768 1515 798 1576 iu
822 1529 1001 1594 magnorum
1023 1513 1156 1577 viromm
1178 1513 1312 1577 notitiam

254 1619 547 1696 familiaritatemque
564 1620 667 1682 venire
687 1620 786 1695 liceat,
807 1619 888 1698 quod
907 1624 953 1682 est
977 1619 1205 1682 tundamentum
1223 1619 1313 1696 bodie

256 1723 458 1801 promotionis
470 1724 518 1799 (l).
533 1745 547 1780 r>

294 1827 364 1889 lieo
375 1827 497 1906 quidem
509 1828 635 1904 puerilis
648 1827 854 1906 intelligentiae
866 1828 1038 1890 exercende
1053 1825 1211 1890 methodus
1222 1823 1313 1904 quem

254 1929 340 1992 uelde
362 1931 496 1994 liberalis
517 1935 548 1992 et
571 1931 716 2010 cujusque
738 1933 835 1994 aetatis
861 1932 976 1996 viribus
1001 1931 1225 1994 accommodata
1245 1945 1314 1992 esse

254 2033 401 2109 videatur,
422 2034 573 2096 neminem
592 2034 681 2112 iugit.
701 2034 818 2112 Quippe
834 2049 887 2112 per
907 2051 997 2114 quem
1012 2033 1121 2111 solide,
1135 2032 1197 2096 cttd
1218 2049 1252 2096 ac
1263 2035 1313 2111 ju-

254 2136 351 2200 cunde
364 2138 518 2200 doceatur.
533 2137 623 2200 Nullo
635 2137 724 2199 modo
740 2153 894 2200 morosum
910 2139 1108 2218 pedagogum
1120 2140 1200 2214 olet;
1216 2141 1314 2200 scien-

252 2242 322 2317 tias,
339 2242 453 2303 litteras
474 2246 563 2320 atque
581 2247 661 2302 artes
682 2243 845 2317 consociat,
862 2258 977 2305 necnon
993 2244 1064 2304 utile
1083 2243 1164 2304 dulci
1179 2243 1310 2304 mirabi-

254 2348 322 2409 liter
337 2347 454 2418 miscet,
472 2345 513 2408 itit
531 2352 564 2408 ut
579 2359 615 2409 ex
628 2347 771 2409 omuibus
786 2347 899 2426 ingenii
916 2348 1039 2409 numeni
1056 2347 1226 2409 seminibus
1244 2349 1313 2410 nul·

255 2452 318 2513 lum
333 2450 476 2529 tauqulm
491 2458 618 2526 arescat,
635 2451 689 2512 sed
704 2450 806 2512 omniu
825 2453 997 2517 excolantur
1010 2457 1099 2529 atque
1115 2452 1311 2540 efflorescant.

294 2556 359 2618 lloc
374 2555 514 2632 inprimis
532 2555 605 2616 mibi
623 2556 720 2631 placet
730 2555 810 2632 qnbd
826 2555 982 2617 infantiam
997 2557 1200 2634 grammatice
1215 2556 1313 2617 tediis

255 2674 314 2721 uon
330 2659 449 2734 adiciat,
466 2657 520 2720 sed
535 2659 682 2737 cuiusque
696 2661 789 2720 animi
805 2659 956 2721 facultatis
971 2666 1081 2735 ortum,
1098 2664 1131 2720 ut
1145 2655 1186 2720 ite
1200 2658 1311 2733 dicam,

254 2768 399 2841 expectet,
422 2777 482 2824 non
506 2777 557 2824 eas
577 2768 646 2824 aute
665 2763 807 2826 sollicitet
831 2762 921 2841 quim
941 2770 1017 2825 natae
1035 2763 1109 2839 sint,
1135 2763 1313 2826 memoriam

254 2865 386 2946 primum
398 2867 529 2930 exerceri
540 2872 569 2929 et
581 2868 679 2930 ornari
693 2867 796 2945 jubeat
811 2882 877 2945 quae
892 2869 990 2945 prime
1002 2869 1105 2947 rigere
1121 2867 1210 2930 solet.

294 2971 380 3044 Quod
402 2972 439 3033 ad
461 2979 636 3049 sequentem
662 2973 798 3049 pueritiae
823 2972 979 3049 periodum
1005 2973 1122 3048 attinet,
1143 2971 1312 3033 Lelbuitius
1384 2999 1387 3012 ·

255 3091 382 3155 puemm
394 3074 569 3154 parentibus
583 3077 647 3139 suis
659 3074 819 3138 immature
833 3076 950 3153 eripere
965 3077 1038 3138 mibi
1054 3076 1181 3139 videtur.
1198 3073 1313 3152 Nempe

253 3180 346 3243 veluti
366 3180 454 3242 tiores
477 3181 543 3242 sine
561 3179 641 3242 dulci
657 3179 787 3258 quodam
812 3181 911 3242 calore
937 3193 1072 3242 crescere
1093 3183 1254 3256 nequeunt,
1271 3177 1314 3239 ite

165 3337 168 3346 .
255 3284 370 3365 parvuli
395 3285 501 3346 matris
526 3284 693 3359 blanditiis,
718 3285 801 3345 curis
824 3289 913 3361 alque
933 3297 1036 3345 amore
1060 3283 1206 3362 indigent.
1233 3281 1313 3352 Quid

253 3387 334 3464 quod
360 3388 577 3449 mathematice
597 3387 730 3448 studium
751 3392 819 3449 ante
842 3393 962 3464 tempus
987 3387 1144 3448 intervenit
1171 3399 1218 3461 ac,
1245 3384 1314 3448 med

255 3491 377 3575 quidem
393 3489 552 3567 sententiat,
568 3489 659 3571 suprd
675 3485 865 3572 impuberum
880 3491 960 3552 vires
975 3496 1121 3553 versatur.

290 3748 325 3819 (l)
336 3750 536 3810 TranseundO,
551 3748 716 3801 Leibnitius
732 3764 797 3800 eam
811 3748 996 3801 verissimam
1012 3747 1180 3817 opinionem
1194 3745 1310 3816 promit,

254 3848 319 3900 quae
335 3829 420 3883 nobis
438 3834 581 3899 praecepto
598 3844 663 3881 esse
682 3829 819 3882 deberet:
844 3851 858 3879 «
872 3831 938 3882 Non
960 3831 1045 3882 decet
1058 3828 1221 3881 academias
1244 3843 1312 3880 esse

253 3913 285 3965 in
299 3911 373 3964 locis
388 3911 507 3963 minutis
524 3917 609 3979 atque
625 3910 768 3964 obscuris:
787 3931 800 3961 »
