2998 4824
717 416 874 479 -ul-

265 605 313 660 tur
334 598 512 661 veniendum
533 603 589 674 est,
613 614 679 676 quae
700 612 759 659 non
781 598 881 659 minus
906 597 1026 659 curioso
1052 595 1142 675 quam
1164 599 1321 676 negotioso

264 704 368 766 lectori
394 713 529 781 prosunt.

304 807 413 871 Postetr
437 808 474 870 dc
495 809 562 886 ipso
582 807 649 885 iure
673 812 786 869 naturae
805 812 834 869 et
857 809 993 886 gentium
1012 807 1136 870 uberius
1162 806 1321 883 disputans

264 911 336 990 quid
352 913 412 973 sint
424 913 474 990 jus
490 929 524 975 ac
536 913 652 990 iustitia
667 913 783 989 quaerit.
798 934 812 967 u
827 913 881 973 Est
896 913 1055 989 antemius
1070 911 1206 990 quaedam
1218 918 1323 989 poten·

264 1017 306 1078 tia
329 1018 453 1079 moralis
478 1023 506 1078 ct
533 1017 678 1096 obligatio
701 1018 867 1078 necessitas
893 1017 1028 1079 morulis.
1051 1018 1195 1079 Moralem
1223 1023 1322 1078 autern

266 1123 401 1201 intelligo
420 1137 486 1200 quae
509 1122 588 1199 apud
612 1122 710 1183 virum
733 1122 845 1184 bonum
870 1122 1042 1199 aequipollet
1062 1121 1323 1183 naturali.......Vir

265 1227 362 1289 bonus
387 1233 486 1289 antem
507 1227 623 1304 estqui
646 1233 727 1288 amat
749 1241 854 1288 omnes
870 1223 1014 1303 urrantdm
1035 1226 1111 1288 ratio
1130 1227 1319 1303 permittit.»

264 1333 416 1394 iustitiam
433 1333 467 1408 (l)
482 1333 584 1412 igitur,
599 1348 665 1410 quae
684 1333 779 1394 virtus
795 1339 839 1393 est
856 1333 944 1409 liujus
959 1331 1082 1393 affectius
1098 1331 1218 1407 rectrix,
1235 1331 1323 1392 Leib-

265 1437 358 1499 nitius
383 1439 485 1499 nescio
510 1453 599 1514 quem
628 1437 877 1513 jurisconsultum
904 1443 1039 1512 secutus,
1069 1433 1323 1496 derecoolentioou

266 1542 330 1604 sive
344 1541 512 1602 ceritatem
526 1541 682 1621 copientis
710 1541 876 1617 detinuit).
893 1542 936 1604 Ne
951 1542 1057 1616 multa,
1080 1541 1222 1618 specialis
1246 1541 1323 1602 inter

265 1651 369 1726 gentes
390 1646 467 1723 juris
486 1646 713 1708 tundamentum
735 1647 764 1707 in
787 1652 899 1708 nature
917 1645 985 1722 iure
1006 1646 1101 1723 ponit.

304 1751 474 1813 Notandum
496 1751 546 1812 liic
560 1757 610 1812 est.
620 1766 696 1828 opus
712 1749 791 1828 quod
811 1749 934 1829 dejure
954 1749 1163 1829 supremutus
1184 1767 1221 1809 oo
1240 1747 1323 1828 lepo-

264 1853 365 1916 iioois
379 1854 572 1934 principum
587 1854 773 1918 Germanioi
788 1854 891 1916 edidit.
918 1855 952 1916 In
981 1869 1041 1932 qno
1059 1869 1164 1916 omnes
1186 1855 1323 1915 nationes

266 1977 332 2038 qne
342 1960 520 2022 Christiana
532 1960 601 2021 fidei
614 1975 727 2021 morem
743 1966 851 2038 gerunt
863 1958 1013 2036 quoddam
1029 1973 1149 2020 sacrum
1163 1958 1323 2034 imperium

266 2081 334 2128 csse
360 2065 523 2139 contendit,
549 2065 597 2126 cui
617 2063 676 2125 duo
695 2064 804 2140 capitu,
831 2064 947 2126 scilieet
968 2079 1107 2123 summus
1134 2062 1267 2139 pontifex
1290 2076 1325 2123 ac

266 2170 367 2232 Caesar
391 2184 521 2247 praecsse
542 2168 709 2230 videantur.
728 2189 742 2222 a
760 2168 874 2245 Itaque,
901 2168 954 2243 uit,
978 2167 1005 2228 si
1016 2167 1083 2244 ju're
1098 2167 1248 2246 agendum
1265 2173 1323 2241 est,

266 2275 377 2336 Caesari
410 2275 440 2335 in
464 2273 574 2353 magni
595 2279 679 2351 purte
706 2273 833 2349 Europe
862 2272 962 2349 aliqua
993 2273 1155 2334 auctoritas
1184 2277 1212 2334 et
1236 2273 1324 2350 quasi

196 2414 197 2418 =
265 2380 412 2456 primatus
423 2379 558 2457 qnidam,
574 2378 788 2440 Ecclesiastico
808 2377 1006 2454 respondens,
1023 2375 1203 2438 tribuendus
1218 2381 1302 2438 cst.»

305 2483 411 2561 Opere
433 2483 600 2561 presertim
613 2483 743 2559 pretium
759 2489 805 2543 est
821 2480 953 2541 Manita
969 2480 1117 2562 quondum
1132 2480 1174 2542 od
1189 2479 1225 2542 S.
1242 2479 1326 2560 Pus-

265 2586 422 2668 feodorpii
433 2585 605 2666 principio
619 2587 812 2663 perlustrare.
833 2586 889 2648 Hic
905 2586 1073 2647 Leibnitius
1088 2585 1326 2648 Pulfcndouiium

266 2693 385 2770 penitus
410 2692 517 2768 rejicit,
543 2689 685 2768 tunquam
710 2688 824 2749 uirum
853 2707 978 2768 porum
995 2688 1273 2768 jurisconsultum
1298 2695 1327 2750 ct

265 2795 404 2856 oiiuimd
418 2791 666 2875 philosophum,
692 2795 816 2873 ejusque
840 2793 877 2856 de
896 2795 1022 2856 naturali
1036 2795 1103 2871 iure
1117 2793 1269 2857 doctrinas
1285 2795 1326 2856 iis

266 2901 317 2979 qui
339 2900 466 2963 solidam
480 2900 634 2962 scientiam
650 2899 786 2962 affectant
802 2900 919 2976 placere
935 2914 994 2961 non
1020 2914 1110 2976 posse
1125 2900 1176 2960 ait.

302 3182 336 3254 (Ι)
352 3185 517 3236 Nouveaux
529 3184 639 3240 Essais,
657 3185 710 3246 III,
726 3181 769 3236 ΙΙ.

203 3323 205 3326 ,
303 3288 317 3317 «
332 3265 500 3319 Philalethe.
524 3267 555 3320 si
579 3265 740 3337 quelqu'uu
759 3266 801 3319 dit
817 3283 872 3336 que
886 3264 915 3317 la
931 3265 1039 3335 justice
1055 3273 1170 3320 estune
1187 3267 1325 3320 conduite

265 3349 414 3403 conforme
431 3348 447 3401 Ia
466 3349 494 3401 la
509 3348 550 3402 loi
569 3347 709 3419 iul'egard
723 3349 762 3401 du
777 3349 847 3402 bien
859 3349 994 3407 d’autrui,
1013 3354 1086 3402 cette
1101 3347 1167 3402 idee
1183 3350 1258 3402 u'est
1271 3365 1325 3420 pas

266 3449 348 3485 assez
378 3430 566 3496 determinee²
593 3433 689 3503 quand
714 3450 752 3485 ou
775 3433 821 3484 u'n
844 3448 957 3484 aucune
981 3430 1048 3484 idee
1071 3431 1206 3484 distincte
1231 3433 1266 3484 de
1288 3448 1323 3486 ee

266 3517 353 3586 qu'ou
369 3514 482 3586 appelle
498 3515 550 3569 loi.

304 3611 455 3682 dlae'ophiie.
472 3611 517 3665 On
529 3611 659 3682 pourrait
673 3611 735 3664 dire
750 3611 790 3664 ici
806 3627 862 3681 que
878 3609 907 3663 la
921 3610 962 3664 loi
978 3616 1023 3664 est
1036 3628 1076 3662 un
1088 3607 1223 3680 precepte
1241 3607 1276 3660 de
1296 3606 1326 3660 le

266 3711 385 3764 sagesse
406 3712 445 3748 ou
460 3695 495 3748 de
512 3692 541 3746 la
555 3693 671 3746 scienee
688 3695 723 3746 de
739 3693 768 3746 la
782 3692 904 3747 felicite.
922 3713 936 3742 >›

303 3789 337 3859 (2)
353 3790 460 3844 Confer
481 3790 644 3860 Ulpianum.
663 3789 740 3859 pig„
765 3790 801 3843 de
812 3787 927 3860 justitie
941 3792 969 3841 ei
988 3787 1055 3858 jure
1068 3788 1101 3839 L.
1116 3785 1150 3840 10
1168 3804 1211 3857 pr.
1230 3807 1244 3836 ‹<
1258 3785 1327 3840 Jus-

265 3872 328 3924 tiiia
355 3878 400 3925 est
427 3877 563 3926 constans
588 3879 617 3926 et
640 3877 780 3944 perpetua
800 3871 936 3925 voluutas
957 3871 1007 3942 jus
1032 3888 1118 3924 suum
1140 3870 1247 3940 cuique
1276 3869 1326 3921 tri-

267 3959 387 4012 buendi.
409 3980 423 4009 ›>
