<?xml version="1.0" encoding="UTF-8"?>
<!DOCTYPE html PUBLIC "-//W3C//DTD XHTML 1.0 Transitional//EN"
    "http://www.w3.org/TR/xhtml1/DTD/xhtml1-transitional.dtd">
<html xmlns="http://www.w3.org/1999/xhtml" xml:lang="en" lang="en">
 <head>
  <title>
</title>
<meta http-equiv="Content-Type" content="text/html;charset=utf-8" />
  <meta name='ocr-system' content='tesseract 3.04.00' />
  <meta name='ocr-capabilities' content='ocr_page ocr_carea ocr_par ocr_line ocrx_word'/>
</head>
<body>
  <div class='ocr_page' id='page_1' title='image "./ggleibnitiideno00legrgoog_0038.png"; bbox 0 0 2998 4824; ppageno 0'>
   <div class='ocr_carea' id='block_1_1' title="bbox 608 444 766 523">
    <p class='ocr_par' dir='ltr' id='par_1_1' title="bbox 608 444 766 523">
     <span class='ocr_line' id='line_1_1' title="bbox 608 444 766 523; baseline -0.006 -19"><span class='ocrx_word' id='word_1_1' title='bbox 608 444 766 523; x_wconf 66' lang='lat'><strong>„33-</strong></span> 
     </span>
    </p>
   </div>
   <div class='ocr_carea' id='block_1_2' title="bbox 133 639 1215 1340">
    <p class='ocr_par' dir='ltr' id='par_1_2' title="bbox 133 639 1215 1340">
     <span class='ocr_line' id='line_1_2' title="bbox 178 639 1215 720; baseline -0.004 -16"><span class='ocrx_word' id='word_1_2' title='bbox 178 642 297 706; x_wconf 83' lang='lat' dir='ltr'><strong>Primo</strong></span> <span class='ocrx_word' id='word_1_3' title='bbox 312 643 373 704; x_wconf 91' lang='lat' dir='ltr'><strong>dici</strong></span> <span class='ocrx_word' id='word_1_4' title='bbox 388 645 484 720; x_wconf 85' lang='lat' dir='ltr'><strong>potest</strong></span> <span class='ocrx_word' id='word_1_5' title='bbox 499 653 697 719; x_wconf 89' lang='lat' dir='ltr'><strong>personnmm</strong></span> <span class='ocrx_word' id='word_1_6' title='bbox 712 641 843 703; x_wconf 77' lang='lat' dir='ltr'><strong>classem</strong></span> <span class='ocrx_word' id='word_1_7' title='bbox 857 639 895 701; x_wconf 85' lang='lat' dir='ltr'><strong>ad</strong></span> <span class='ocrx_word' id='word_1_8' title='bbox 908 640 976 717; x_wconf 80' lang='lat' dir='ltr'><strong>iuro</strong></span> <span class='ocrx_word' id='word_1_9' title='bbox 988 639 1040 700; x_wconf 86' lang='lat' dir='ltr'><strong>iiia</strong></span> <span class='ocrx_word' id='word_1_10' title='bbox 1054 645 1082 701; x_wconf 91' lang='lat' dir='ltr'><strong>et</strong></span> <span class='ocrx_word' id='word_1_11' title='bbox 1097 639 1215 718; x_wconf 83' lang='lat' dir='ltr'><strong>ohliga-</strong></span> 
     </span>
     <span class='ocr_line' id='line_1_3' title="bbox 134 744 1214 824; baseline -0.002 -18"><span class='ocrx_word' id='word_1_12' title='bbox 134 747 245 808; x_wconf 89' lang='lat' dir='ltr'><strong>tiones</strong></span> <span class='ocrx_word' id='word_1_13' title='bbox 275 747 438 824; x_wconf 91' lang='lat' dir='ltr'><strong>pertinere,</strong></span> <span class='ocrx_word' id='word_1_14' title='bbox 462 746 625 824; x_wconf 84' lang='lat' dir='ltr'><strong>exquibus</strong></span> <span class='ocrx_word' id='word_1_15' title='bbox 641 751 774 823; x_wconf 85' lang='lat' dir='ltr'><strong>potestas</strong></span> <span class='ocrx_word' id='word_1_16' title='bbox 792 744 928 822; x_wconf 84' lang='lat' dir='ltr'><strong>quaedom</strong></span> <span class='ocrx_word' id='word_1_17' title='bbox 942 745 1090 821; x_wconf 67' lang='lat' dir='ltr'><strong>nescitum</strong></span> <span class='ocrx_word' id='word_1_18' title='bbox 1113 747 1214 804; x_wconf 83' lang='lat' dir='ltr'><strong>rerunt</strong></span> 
     </span>
     <span class='ocr_line' id='line_1_4' title="bbox 133 847 1213 926; baseline -0.001 -17"><span class='ocrx_word' id='word_1_19' title='bbox 133 849 212 912; x_wconf 88' lang='lat' dir='ltr'><strong>verd</strong></span> <span class='ocrx_word' id='word_1_20' title='bbox 225 850 614 912; x_wconf 83' lang='lat' dir='ltr'><strong>vocabutoomniavincula</strong></span> <span class='ocrx_word' id='word_1_21' title='bbox 626 849 784 924; x_wconf 77' lang='lat' dir='ltr'><strong>contineri,</strong></span> <span class='ocrx_word' id='word_1_22' title='bbox 793 848 904 926; x_wconf 88' lang='lat' dir='ltr'><strong>quibus</strong></span> <span class='ocrx_word' id='word_1_23' title='bbox 918 849 965 911; x_wconf 86' lang='lat' dir='ltr'><strong>vei</strong></span> <span class='ocrx_word' id='word_1_24' title='bbox 977 863 1026 909; x_wconf 89' lang='lat' dir='ltr'><strong>res</strong></span> <span class='ocrx_word' id='word_1_25' title='bbox 1038 847 1127 909; x_wconf 86' lang='lat' dir='ltr'><strong>nobis</strong></span> <span class='ocrx_word' id='word_1_26' title='bbox 1140 847 1213 910; x_wconf 85' lang='lat' dir='ltr'><strong>ohs-</strong></span> 
     </span>
     <span class='ocr_line' id='line_1_5' title="bbox 134 949 1215 1031; baseline -0.003 -18"><span class='ocrx_word' id='word_1_27' title='bbox 134 953 233 1015; x_wconf 84' lang='lat' dir='ltr'><strong>tricta</strong></span> <span class='ocrx_word' id='word_1_28' title='bbox 249 959 312 1030; x_wconf 88' lang='lat' dir='ltr'><strong>cst,</strong></span> <span class='ocrx_word' id='word_1_29' title='bbox 325 953 371 1016; x_wconf 91' lang='lat' dir='ltr'><strong>vei</strong></span> <span class='ocrx_word' id='word_1_30' title='bbox 383 969 512 1031; x_wconf 83' lang='lat' dir='ltr'><strong>persona</strong></span> <span class='ocrx_word' id='word_1_31' title='bbox 526 952 563 1014; x_wconf 88' lang='lat' dir='ltr'><strong>ad</strong></span> <span class='ocrx_word' id='word_1_32' title='bbox 578 952 694 1030; x_wconf 79' lang='lat' dir='ltr'><strong>aliquid</strong></span> <span class='ocrx_word' id='word_1_33' title='bbox 705 952 837 1014; x_wconf 83' lang='lat' dir='ltr'><strong>dandum</strong></span> <span class='ocrx_word' id='word_1_34' title='bbox 848 957 899 1013; x_wconf 82' lang='lat' dir='ltr'><strong>out</strong></span> <span class='ocrx_word' id='word_1_35' title='bbox 914 950 1083 1013; x_wconf 82' lang='lat' dir='ltr'><strong>iaciendum</strong></span> <span class='ocrx_word' id='word_1_36' title='bbox 1094 949 1215 1029; x_wconf 83' lang='lat' dir='ltr'><strong>obliga-</strong></span> 
     </span>
     <span class='ocr_line' id='line_1_6' title="bbox 134 1053 1214 1134; baseline -0.002 -18"><span class='ocrx_word' id='word_1_37' title='bbox 134 1061 209 1134; x_wconf 87' lang='lat' dir='ltr'><strong>tur;</strong></span> <span class='ocrx_word' id='word_1_38' title='bbox 228 1057 388 1121; x_wconf 87' lang='lat' dir='ltr'><strong>actionum</strong></span> <span class='ocrx_word' id='word_1_39' title='bbox 402 1056 473 1119; x_wconf 88' lang='lat' dir='ltr'><strong>verd</strong></span> <span class='ocrx_word' id='word_1_40' title='bbox 489 1057 610 1120; x_wconf 89' lang='lat' dir='ltr'><strong>nomine</strong></span> <span class='ocrx_word' id='word_1_41' title='bbox 622 1071 656 1118; x_wconf 81' lang='lat' dir='ltr'><strong>ea</strong></span> <span class='ocrx_word' id='word_1_42' title='bbox 665 1056 732 1133; x_wconf 81' lang='lat' dir='ltr'><strong>jura</strong></span> <span class='ocrx_word' id='word_1_43' title='bbox 746 1055 912 1134; x_wconf 83' lang='lat' dir='ltr'><strong>designari,</strong></span> <span class='ocrx_word' id='word_1_44' title='bbox 925 1069 978 1133; x_wconf 92' lang='lat' dir='ltr'><strong>per</strong></span> <span class='ocrx_word' id='word_1_45' title='bbox 989 1070 1054 1133; x_wconf 80' lang='lat' dir='ltr'><strong>quoe</strong></span> <span class='ocrx_word' id='word_1_46' title='bbox 1065 1053 1214 1132; x_wconf 87' lang='lat' dir='ltr'><strong>quodsibi</strong></span> 
     </span>
     <span class='ocr_line' id='line_1_7' title="bbox 135 1157 1212 1240; baseline -0.004 -18"><span class='ocrx_word' id='word_1_47' title='bbox 135 1160 296 1223; x_wconf 80' lang='lat' dir='ltr'><strong>debeatur</strong></span> <span class='ocrx_word' id='word_1_48' title='bbox 308 1161 422 1239; x_wconf 87' lang='lat' dir='ltr'><strong>jndicio</strong></span> <span class='ocrx_word' id='word_1_49' title='bbox 437 1162 505 1240; x_wconf 87' lang='lat' dir='ltr'><strong>quis</strong></span> <span class='ocrx_word' id='word_1_50' title='bbox 522 1168 719 1238; x_wconf 83' lang='lat' dir='ltr'><strong>persequatur</strong></span> <span class='ocrx_word' id='word_1_51' title='bbox 734 1160 783 1236; x_wconf 85' lang='grc'><strong>(1).</strong></span> <span class='ocrx_word' id='word_1_52' title='bbox 798 1160 1018 1222; x_wconf 80' lang='lat' dir='ltr'><strong>iustinianeam</strong></span> <span class='ocrx_word' id='word_1_53' title='bbox 1029 1157 1212 1220; x_wconf 88' lang='lat' dir='ltr'><strong>divisionem</strong></span> 
     </span>
     <span class='ocr_line' id='line_1_8' title="bbox 137 1259 1214 1340; baseline -0.003 -16"><span class='ocrx_word' id='word_1_54' title='bbox 137 1265 166 1325; x_wconf 87' lang='lat' dir='ltr'><strong>si</strong></span> <span class='ocrx_word' id='word_1_55' title='bbox 183 1265 250 1327; x_wconf 93' lang='lat' dir='ltr'><strong>hoc</strong></span> <span class='ocrx_word' id='word_1_56' title='bbox 267 1265 358 1329; x_wconf 93' lang='lat' dir='ltr'><strong>modo</strong></span> <span class='ocrx_word' id='word_1_57' title='bbox 369 1263 535 1340; x_wconf 87' lang='lat' dir='ltr'><strong>definieris,</strong></span> <span class='ocrx_word' id='word_1_58' title='bbox 553 1263 706 1325; x_wconf 80' lang='lat' dir='ltr'><strong>fatendum</strong></span> <span class='ocrx_word' id='word_1_59' title='bbox 720 1268 767 1324; x_wconf 90' lang='lat' dir='ltr'><strong>est</strong></span> <span class='ocrx_word' id='word_1_60' title='bbox 781 1277 840 1325; x_wconf 94' lang='lat' dir='ltr'><strong>non</strong></span> <span class='ocrx_word' id='word_1_61' title='bbox 850 1261 911 1339; x_wconf 80' lang='lat' dir='ltr'><strong>jhm</strong></span> <span class='ocrx_word' id='word_1_62' title='bbox 923 1261 940 1324; x_wconf 74' lang='lat' dir='ltr'><strong>i</strong></span> <span class='ocrx_word' id='word_1_63' title='bbox 954 1262 1043 1338; x_wconf 83' lang='lat' dir='ltr'><strong>iacto,</strong></span> <span class='ocrx_word' id='word_1_64' title='bbox 1057 1259 1109 1323; x_wconf 89' lang='lat' dir='ltr'><strong>sed</strong></span> <span class='ocrx_word' id='word_1_65' title='bbox 1120 1259 1214 1337; x_wconf 75' lang='lat' dir='ltr'><strong>injure</strong></span> 
     </span>
    </p>
   </div>
   <div class='ocr_carea' id='block_1_3' title="bbox 136 1366 1297 1446">
    <p class='ocr_par' dir='ltr' id='par_1_3' title="bbox 136 1366 1297 1446">
     <span class='ocr_line' id='line_1_9' title="bbox 136 1366 1297 1446; baseline -0.002 -18"><span class='ocrx_word' id='word_1_66' title='bbox 136 1368 347 1431; x_wconf 87' lang='lat' dir='ltr'><strong>descendero.</strong></span> <span class='ocrx_word' id='word_1_67' title='bbox 363 1367 511 1431; x_wconf 78' lang='lat' dir='ltr'><strong>Praetered</strong></span> <span class='ocrx_word' id='word_1_68' title='bbox 525 1368 648 1446; x_wconf 85' lang='lat' dir='ltr'><strong>quidam</strong></span> <span class='ocrx_word' id='word_1_69' title='bbox 662 1367 749 1430; x_wconf 87' lang='lat' dir='ltr'><strong>veriti</strong></span> <span class='ocrx_word' id='word_1_70' title='bbox 765 1367 892 1443; x_wconf 68' lang='lat' dir='ltr'><strong>suntid),</strong></span> <span class='ocrx_word' id='word_1_71' title='bbox 909 1382 957 1442; x_wconf 90' lang='lat' dir='ltr'><strong>ne,</strong></span> <span class='ocrx_word' id='word_1_72' title='bbox 979 1366 1004 1427; x_wconf 91' lang='lat' dir='ltr'><strong>si</strong></span> <span class='ocrx_word' id='word_1_73' title='bbox 1021 1371 1128 1444; x_wconf 86' lang='lat' dir='ltr'><strong>praeter</strong></span> <span class='ocrx_word' id='word_1_74' title='bbox 1141 1366 1214 1427; x_wconf 87' lang='lat' dir='ltr'><strong>Jus-</strong></span> <span class='ocrx_word' id='word_1_75' title='bbox 1294 1399 1297 1405; x_wconf 91' lang='lat'>-</span> 
     </span>
    </p>
   </div>
   <div class='ocr_carea' id='block_1_4' title="bbox 136 1468 1215 2068">
    <p class='ocr_par' dir='ltr' id='par_1_4' title="bbox 136 1468 1215 2068">
     <span class='ocr_line' id='line_1_10' title="bbox 138 1468 1215 1551; baseline -0.002 -19"><span class='ocrx_word' id='word_1_76' title='bbox 138 1468 317 1535; x_wconf 82' lang='lat' dir='ltr'><strong>tinianeum</strong></span> <span class='ocrx_word' id='word_1_77' title='bbox 329 1473 388 1534; x_wconf 88' lang='lat' dir='ltr'><strong>ulia</strong></span> <span class='ocrx_word' id='word_1_78' title='bbox 401 1487 520 1551; x_wconf 90' lang='lat' dir='ltr'><strong>quoque</strong></span> <span class='ocrx_word' id='word_1_79' title='bbox 531 1470 689 1535; x_wconf 80' lang='lat' dir='ltr'>methodus</span> <span class='ocrx_word' id='word_1_80' title='bbox 701 1471 854 1533; x_wconf 75' lang='lat' dir='ltr'><strong>memoriae</strong></span> <span class='ocrx_word' id='word_1_81' title='bbox 866 1471 997 1549; x_wconf 82' lang='lat' dir='ltr'>imprimi</span> <span class='ocrx_word' id='word_1_82' title='bbox 1012 1469 1144 1544; x_wconf 82' lang='lat' dir='ltr'><strong>deberet,</strong></span> <span class='ocrx_word' id='word_1_83' title='bbox 1157 1470 1215 1531; x_wconf 89' lang='lat' dir='ltr'><strong>hoc</strong></span> 
     </span>
     <span class='ocr_line' id='line_1_11' title="bbox 136 1573 1214 1651; baseline -0.001 -16"><span class='ocrx_word' id='word_1_84' title='bbox 136 1590 224 1638; x_wconf 90' lang='lat' dir='ltr'><strong>novo</strong></span> <span class='ocrx_word' id='word_1_85' title='bbox 241 1581 413 1638; x_wconf 79' lang='lat' dir='ltr'><strong>commemo</strong></span> <span class='ocrx_word' id='word_1_86' title='bbox 434 1575 520 1636; x_wconf 85' lang='lat' dir='ltr'><strong>iohor</strong></span> <span class='ocrx_word' id='word_1_87' title='bbox 540 1575 571 1636; x_wconf 90' lang='lat' dir='ltr'><strong>in</strong></span> <span class='ocrx_word' id='word_1_88' title='bbox 590 1573 716 1650; x_wconf 89' lang='lat' dir='ltr'><strong>duplum</strong></span> <span class='ocrx_word' id='word_1_89' title='bbox 731 1579 880 1636; x_wconf 79' lang='lat' dir='ltr'><strong>cresceret</strong></span> <span class='ocrx_word' id='word_1_90' title='bbox 894 1593 902 1650; x_wconf 92' lang='lat'>;</span> <span class='ocrx_word' id='word_1_91' title='bbox 918 1573 1029 1651; x_wconf 83' lang='lat' dir='ltr'><strong>quihus</strong></span> <span class='ocrx_word' id='word_1_92' title='bbox 1044 1573 1214 1636; x_wconf 89' lang='lat' dir='ltr'><strong>Leibnitius</strong></span> 
     </span>
     <span class='ocr_line' id='line_1_12' title="bbox 139 1677 1212 1756; baseline -0.004 -18"><span class='ocrx_word' id='word_1_93' title='bbox 139 1679 332 1756; x_wconf 85' lang='lat' dir='ltr'><strong>respondit:</strong></span> <span class='ocrx_word' id='word_1_94' title='bbox 362 1679 564 1742; x_wconf 78' lang='lat' dir='ltr'><strong>«Naturalem</strong></span> <span class='ocrx_word' id='word_1_95' title='bbox 590 1677 763 1740; x_wconf 87' lang='lat' dir='ltr'><strong>methodum</strong></span> <span class='ocrx_word' id='word_1_96' title='bbox 784 1677 902 1739; x_wconf 88' lang='lat' dir='ltr'><strong>discere</strong></span> <span class='ocrx_word' id='word_1_97' title='bbox 927 1690 987 1740; x_wconf 94' lang='lat' dir='ltr'><strong>non</strong></span> <span class='ocrx_word' id='word_1_98' title='bbox 1010 1677 1096 1740; x_wconf 82' lang='lat' dir='ltr'><strong>labor</strong></span> <span class='ocrx_word' id='word_1_99' title='bbox 1121 1682 1212 1738; x_wconf 84' lang='lat' dir='ltr'><strong>est.»</strong></span> 
     </span>
     <span class='ocr_line' id='line_1_13' title="bbox 140 1780 1214 1862; baseline -0.001 -19"><span class='ocrx_word' id='word_1_100' title='bbox 140 1782 288 1862; x_wconf 85' lang='lat' dir='ltr'><strong>Denique</strong></span> <span class='ocrx_word' id='word_1_101' title='bbox 302 1783 331 1844; x_wconf 91' lang='lat' dir='ltr'><strong>id</strong></span> <span class='ocrx_word' id='word_1_102' title='bbox 343 1784 472 1844; x_wconf 82' lang='lat' dir='ltr'><strong>maxime</strong></span> <span class='ocrx_word' id='word_1_103' title='bbox 482 1782 676 1844; x_wconf 81' lang='lat' dir='ltr'><strong>iustinianeae</strong></span> <span class='ocrx_word' id='word_1_104' title='bbox 689 1781 829 1843; x_wconf 87' lang='lat' dir='ltr'><strong>methodo</strong></span> <span class='ocrx_word' id='word_1_105' title='bbox 841 1780 952 1843; x_wconf 83' lang='lat' dir='ltr'><strong>auxilio</strong></span> <span class='ocrx_word' id='word_1_106' title='bbox 968 1781 1024 1862; x_wconf 86' lang='lat' dir='ltr'><strong>init</strong></span> <span class='ocrx_word' id='word_1_107' title='bbox 1039 1781 1118 1858; x_wconf 90' lang='lat' dir='ltr'><strong>quod</strong></span> <span class='ocrx_word' id='word_1_108' title='bbox 1131 1781 1214 1842; x_wconf 84' lang='lat' dir='ltr'><strong>nulia</strong></span> 
     </span>
     <span class='ocr_line' id='line_1_14' title="bbox 140 1882 1214 1976; baseline -0.002 -30"><span class='ocrx_word' id='word_1_109' title='bbox 140 1886 250 1948; x_wconf 81' lang='lat' dir='ltr'><strong>adhuc</strong></span> <span class='ocrx_word' id='word_1_110' title='bbox 266 1886 325 1947; x_wconf 84' lang='lat' dir='ltr'><strong>alia</strong></span> <span class='ocrx_word' id='word_1_111' title='bbox 348 1891 465 1962; x_wconf 83' lang='lat' dir='ltr'><strong>reperta</strong></span> <span class='ocrx_word' id='word_1_112' title='bbox 480 1891 527 1947; x_wconf 90' lang='lat' dir='ltr'><strong>est</strong></span> <span class='ocrx_word' id='word_1_113' title='bbox 545 1901 610 1963; x_wconf 79' lang='lat' dir='ltr'><strong>quoe</strong></span> <span class='ocrx_word' id='word_1_114' title='bbox 625 1885 708 1949; x_wconf 86' lang='lat' dir='ltr'><strong>vitiis</strong></span> <span class='ocrx_word' id='word_1_115' title='bbox 729 1883 852 1946; x_wconf 84' lang='lat' dir='ltr'><strong>omnino</strong></span> <span class='ocrx_word' id='word_1_116' title='bbox 878 1889 1004 1976; x_wconf 78' lang='lat' dir='ltr'><strong>careret.</strong></span> <span class='ocrx_word' id='word_1_117' title='bbox 1026 1882 1214 1961; x_wconf 78' lang='lat' dir='ltr'><strong>Quhpropter</strong></span> 
     </span>
     <span class='ocr_line' id='line_1_15' title="bbox 142 1987 1213 2068; baseline 0 -17"><span class='ocrx_word' id='word_1_118' title='bbox 142 1990 236 2052; x_wconf 90' lang='lat' dir='ltr'><strong>muiti</strong></span> <span class='ocrx_word' id='word_1_119' title='bbox 251 1987 414 2068; x_wconf 86' lang='lat' dir='ltr'><strong>pmdentcs</strong></span> <span class='ocrx_word' id='word_1_120' title='bbox 426 1989 475 2065; x_wconf 71' lang='lat'>(3),</span> <span class='ocrx_word' id='word_1_121' title='bbox 490 1988 702 2066; x_wconf 83' lang='lat' dir='ltr'><strong>quamviseam</strong></span> <span class='ocrx_word' id='word_1_122' title='bbox 714 1989 797 2050; x_wconf 90' lang='lat' dir='ltr'><strong>nulio</strong></span> <span class='ocrx_word' id='word_1_123' title='bbox 809 1987 897 2050; x_wconf 94' lang='lat' dir='ltr'><strong>modo</strong></span> <span class='ocrx_word' id='word_1_124' title='bbox 909 1987 1131 2065; x_wconf 83' lang='lat' dir='ltr'><strong>optimamesse</strong></span> <span class='ocrx_word' id='word_1_125' title='bbox 1142 2003 1213 2051; x_wconf 88' lang='lat' dir='ltr'><strong>con-</strong></span> 
     </span>
    </p>
   </div>
   <div class='ocr_carea' id='block_1_5' title="bbox 948 2239 1212 2252">
    <p class='ocr_par' dir='ltr' id='par_1_5' title="bbox 948 2239 1212 2252">
     <span class='ocr_line' id='line_1_16' title="bbox 948 2239 1212 2252; baseline 0 -2"><span class='ocrx_word' id='word_1_126' title='bbox 948 2239 1212 2252; x_wconf 42' lang='lat' dir='ltr'><strong>——ss—</strong></span> 
     </span>
    </p>
   </div>
   <div class='ocr_carea' id='block_1_6' title="bbox 144 2367 1279 2934">
    <p class='ocr_par' dir='ltr' id='par_1_6' title="bbox 144 2367 1279 2934">
     <span class='ocr_line' id='line_1_17' title="bbox 144 2367 1279 2442; baseline -0.002 -16"><span class='ocrx_word' id='word_1_127' title='bbox 144 2377 177 2426; x_wconf 83' lang='lat' dir='ltr'><strong>et</strong></span> <span class='ocrx_word' id='word_1_128' title='bbox 192 2389 243 2426; x_wconf 88' lang='lat' dir='ltr'><strong>ses</strong></span> <span class='ocrx_word' id='word_1_129' title='bbox 259 2377 424 2442; x_wconf 58' lang='lat' dir='ltr'><strong>cominges,</strong></span> <span class='ocrx_word' id='word_1_130' title='bbox 441 2375 470 2425; x_wconf 88' lang='lat' dir='ltr'><strong>et</strong></span> <span class='ocrx_word' id='word_1_131' title='bbox 484 2371 518 2436; x_wconf 84' lang='lat' dir='ltr'><strong>si,</strong></span> <span class='ocrx_word' id='word_1_132' title='bbox 535 2387 588 2442; x_wconf 85' lang='lat' dir='ltr'><strong>par</strong></span> <span class='ocrx_word' id='word_1_133' title='bbox 601 2367 1211 2442; x_wconf 79' lang='lat' dir='ltr'><strong>exemp1e‚1’exegtsesuivanttetextepas</strong></span> <span class='ocrx_word' id='word_1_134' title='bbox 1278 2399 1279 2402; x_wconf 33' lang='lat'>¹</span> 
     </span>
     <span class='ocr_line' id='line_1_18' title="bbox 145 2449 1211 2526; baseline -0.002 -20"><span class='ocrx_word' id='word_1_135' title='bbox 145 2453 164 2506; x_wconf 75' lang='grc' dir='ltr'>ὲ</span> <span class='ocrx_word' id='word_1_136' title='bbox 179 2473 233 2526; x_wconf 83' lang='lat' dir='ltr'><strong>pas</strong></span> <span class='ocrx_word' id='word_1_137' title='bbox 249 2460 361 2524; x_wconf 85' lang='lat' dir='ltr'><strong>peutso</strong></span> <span class='ocrx_word' id='word_1_138' title='bbox 376 2454 471 2507; x_wconf 81' lang='lat' dir='ltr'><strong>datter</strong></span> <span class='ocrx_word' id='word_1_139' title='bbox 485 2455 521 2506; x_wconf 90' lang='lat' dir='ltr'><strong>d&#39;e</strong></span> <span class='ocrx_word' id='word_1_140' title='bbox 535 2451 691 2506; x_wconf 78' lang='lat' dir='ltr'><strong>decouvrir</strong></span> <span class='ocrx_word' id='word_1_141' title='bbox 706 2452 781 2510; x_wconf 79' lang='lat' dir='ltr'><strong>ainsi</strong></span> <span class='ocrx_word' id='word_1_142' title='bbox 793 2451 860 2524; x_wconf 86' lang='lat' dir='ltr'><strong>plus</strong></span> <span class='ocrx_word' id='word_1_143' title='bbox 879 2449 1049 2505; x_wconf 83' lang='lat' dir='ltr'><strong>facilement</strong></span> <span class='ocrx_word' id='word_1_144' title='bbox 1059 2451 1089 2504; x_wconf 87' lang='lat' dir='ltr'><strong>la</strong></span> <span class='ocrx_word' id='word_1_145' title='bbox 1102 2451 1211 2524; x_wconf 76' lang='lat' dir='ltr'><strong>pensee</strong></span> 
     </span>
     <span class='ocr_line' id='line_1_19' title="bbox 146 2532 1213 2607; baseline 0 -19"><span class='ocrx_word' id='word_1_146' title='bbox 146 2536 189 2588; x_wconf 89' lang='lat' dir='ltr'><strong>du</strong></span> <span class='ocrx_word' id='word_1_147' title='bbox 204 2535 388 2606; x_wconf 75' lang='lat' dir='ltr'><strong>legisieteur‚</strong></span> <span class='ocrx_word' id='word_1_148' title='bbox 402 2552 440 2589; x_wconf 90' lang='lat' dir='ltr'><strong>ne</strong></span> <span class='ocrx_word' id='word_1_149' title='bbox 455 2541 574 2606; x_wconf 84' lang='lat' dir='ltr'><strong>peut-on</strong></span> <span class='ocrx_word' id='word_1_150' title='bbox 591 2552 642 2607; x_wconf 86' lang='lat' dir='ltr'><strong>pas</strong></span> <span class='ocrx_word' id='word_1_151' title='bbox 662 2552 699 2588; x_wconf 91' lang='lat' dir='ltr'><strong>en</strong></span> <span class='ocrx_word' id='word_1_152' title='bbox 715 2533 860 2588; x_wconf 85' lang='lat' dir='ltr'><strong>revanche</strong></span> <span class='ocrx_word' id='word_1_153' title='bbox 879 2532 923 2585; x_wconf 87' lang='lat' dir='ltr'><strong>lui</strong></span> <span class='ocrx_word' id='word_1_154' title='bbox 942 2533 1109 2604; x_wconf 79' lang='lat' dir='ltr'><strong>reprocher‚</strong></span> <span class='ocrx_word' id='word_1_155' title='bbox 1125 2534 1213 2588; x_wconf 88' lang='lat' dir='ltr'><strong>sinon</strong></span> 
     </span>
     <span class='ocr_line' id='line_1_20' title="bbox 146 2614 1211 2688; baseline 0.001 -20"><span class='ocrx_word' id='word_1_156' title='bbox 146 2617 338 2688; x_wconf 75' lang='lat' dir='ltr'><strong>d’empecher</strong></span> <span class='ocrx_word' id='word_1_157' title='bbox 356 2616 551 2679; x_wconf 81' lang='lat' dir='ltr'><strong>absolument‚</strong></span> <span class='ocrx_word' id='word_1_158' title='bbox 569 2617 608 2669; x_wconf 91' lang='lat' dir='ltr'><strong>du</strong></span> <span class='ocrx_word' id='word_1_159' title='bbox 619 2617 714 2670; x_wconf 80' lang='lat' dir='ltr'><strong>moins</strong></span> <span class='ocrx_word' id='word_1_160' title='bbox 734 2617 769 2669; x_wconf 89' lang='lat' dir='ltr'><strong>de</strong></span> <span class='ocrx_word' id='word_1_161' title='bbox 789 2615 935 2669; x_wconf 83' lang='lat' dir='ltr'><strong>favoriser</strong></span> <span class='ocrx_word' id='word_1_162' title='bbox 952 2614 1085 2687; x_wconf 74' lang='lat' dir='ltr'><strong>tres-peu</strong></span> <span class='ocrx_word' id='word_1_163' title='bbox 1099 2633 1211 2688; x_wconf 81' lang='lat' dir='ltr'><strong>perses</strong></span> 
     </span>
     <span class='ocr_line' id='line_1_21' title="bbox 147 2695 1213 2770; baseline 0.002 -20"><span class='ocrx_word' id='word_1_164' title='bbox 147 2697 261 2752; x_wconf 70' lang='lat' dir='ltr'><strong>tellures</strong></span> <span class='ocrx_word' id='word_1_165' title='bbox 272 2697 429 2752; x_wconf 80' lang='lat' dir='ltr'><strong>succedees</strong></span> <span class='ocrx_word' id='word_1_166' title='bbox 444 2705 473 2752; x_wconf 91' lang='lat' dir='ltr'><strong>et</strong></span> <span class='ocrx_word' id='word_1_167' title='bbox 483 2697 648 2752; x_wconf 77' lang='lat' dir='ltr'><strong>decousues</strong></span> <span class='ocrx_word' id='word_1_168' title='bbox 664 2705 711 2752; x_wconf 84' lang='lat' dir='ltr'><strong>cet</strong></span> <span class='ocrx_word' id='word_1_169' title='bbox 725 2699 816 2770; x_wconf 88' lang='lat' dir='ltr'><strong>esprit</strong></span> <span class='ocrx_word' id='word_1_170' title='bbox 829 2699 865 2750; x_wconf 91' lang='lat' dir='ltr'><strong>de</strong></span> <span class='ocrx_word' id='word_1_171' title='bbox 881 2695 1015 2750; x_wconf 73' lang='lat' dir='ltr'><strong>methodo</strong></span> <span class='ocrx_word' id='word_1_172' title='bbox 1032 2699 1109 2752; x_wconf 88' lang='lat' dir='ltr'><strong>etde</strong></span> <span class='ocrx_word' id='word_1_173' title='bbox 1126 2697 1213 2768; x_wconf 75' lang='lat' dir='ltr'><strong>genti-</strong></span> 
     </span>
     <span class='ocr_line' id='line_1_22' title="bbox 145 2778 1212 2850; baseline 0.004 -20"><span class='ocrx_word' id='word_1_174' title='bbox 145 2780 310 2844; x_wconf 83' lang='lat' dir='ltr'><strong>raiisation‚</strong></span> <span class='ocrx_word' id='word_1_175' title='bbox 328 2785 375 2833; x_wconf 84' lang='lat' dir='ltr'><strong>cet</strong></span> <span class='ocrx_word' id='word_1_176' title='bbox 386 2781 470 2834; x_wconf 88' lang='lat' dir='ltr'><strong>ordre</strong></span> <span class='ocrx_word' id='word_1_177' title='bbox 486 2787 516 2834; x_wconf 82' lang='lat' dir='ltr'><strong>et</strong></span> <span class='ocrx_word' id='word_1_178' title='bbox 529 2785 576 2833; x_wconf 84' lang='lat' dir='ltr'><strong>cet</strong></span> <span class='ocrx_word' id='word_1_179' title='bbox 588 2787 791 2850; x_wconf 81' lang='lat' dir='ltr'><strong>arrangement</strong></span> <span class='ocrx_word' id='word_1_180' title='bbox 804 2778 1014 2849; x_wconf 74' lang='lat' dir='ltr'><strong>systematique</strong></span> <span class='ocrx_word' id='word_1_181' title='bbox 1034 2781 1085 2850; x_wconf 90' lang='lat' dir='ltr'><strong>qui</strong></span> <span class='ocrx_word' id='word_1_182' title='bbox 1101 2781 1212 2834; x_wconf 83' lang='lat' dir='ltr'><strong>consti-</strong></span> 
     </span>
     <span class='ocr_line' id='line_1_23' title="bbox 146 2861 1210 2934; baseline 0.002 -22"><span class='ocrx_word' id='word_1_183' title='bbox 146 2867 234 2916; x_wconf 89' lang='lat' dir='ltr'><strong>tuent</strong></span> <span class='ocrx_word' id='word_1_184' title='bbox 245 2863 274 2914; x_wconf 81' lang='lat' dir='ltr'><strong>lu</strong></span> <span class='ocrx_word' id='word_1_185' title='bbox 288 2861 404 2915; x_wconf 88' lang='lat' dir='ltr'><strong>scienoe</strong></span> <span class='ocrx_word' id='word_1_186' title='bbox 416 2862 502 2933; x_wconf 87' lang='lat' dir='ltr'><strong>etqui</strong></span> <span class='ocrx_word' id='word_1_187' title='bbox 512 2863 679 2916; x_wconf 87' lang='lat' dir='ltr'><strong>enrendent</strong></span> <span class='ocrx_word' id='word_1_188' title='bbox 688 2861 856 2914; x_wconf 85' lang='lat' dir='ltr'><strong>l&#39;initiation</strong></span> <span class='ocrx_word' id='word_1_189' title='bbox 865 2861 933 2932; x_wconf 87' lang='lat' dir='ltr'><strong>plus</strong></span> <span class='ocrx_word' id='word_1_190' title='bbox 947 2861 1098 2931; x_wconf 84' lang='lat' dir='ltr'><strong>puissante</strong></span> <span class='ocrx_word' id='word_1_191' title='bbox 1108 2861 1210 2934; x_wconf 79' lang='lat' dir='ltr'><strong>utplus</strong></span> 
     </span>
    </p>
   </div>
   <div class='ocr_carea' id='block_1_7' title="bbox 65 2935 318 2998">
    <p class='ocr_par' dir='ltr' id='par_1_7' title="bbox 65 2935 318 2998">
     <span class='ocr_line' id='line_1_24' title="bbox 65 2935 318 2998; baseline -0.012 -1"><span class='ocrx_word' id='word_1_192' title='bbox 65 2935 67 2939; x_wconf 14' lang='grc' dir='ltr'><em>Α</em></span> <span class='ocrx_word' id='word_1_193' title='bbox 149 2943 291 2998; x_wconf 84' lang='lat' dir='ltr'><strong>efficace?</strong></span> <span class='ocrx_word' id='word_1_194' title='bbox 303 2964 318 2994; x_wconf 71' lang='lat' dir='ltr'><strong>n</strong></span> 
     </span>
    </p>
   </div>
   <div class='ocr_carea' id='block_1_8' title="bbox 148 3024 1211 3179">
    <p class='ocr_par' dir='ltr' id='par_1_8' title="bbox 148 3024 1211 3179">
     <span class='ocr_line' id='line_1_25' title="bbox 185 3024 1211 3098; baseline 0.002 -18"><span class='ocrx_word' id='word_1_195' title='bbox 185 3025 295 3080; x_wconf 82' lang='lat' dir='ltr'><strong>Confer</strong></span> <span class='ocrx_word' id='word_1_196' title='bbox 309 3026 408 3080; x_wconf 82' lang='lat' dir='ltr'><strong>Oudot.</strong></span> <span class='ocrx_word' id='word_1_197' title='bbox 420 3025 567 3080; x_wconf 87' lang='lat' dir='ltr'><strong>Premiers</strong></span> <span class='ocrx_word' id='word_1_198' title='bbox 581 3025 674 3080; x_wconf 75' lang='lat' dir='ltr'><strong>essetis</strong></span> <span class='ocrx_word' id='word_1_199' title='bbox 690 3025 726 3080; x_wconf 90' lang='lat' dir='ltr'><strong>de</strong></span> <span class='ocrx_word' id='word_1_200' title='bbox 741 3025 927 3098; x_wconf 87' lang='lat' dir='ltr'><strong>philosophie</strong></span> <span class='ocrx_word' id='word_1_201' title='bbox 947 3025 987 3078; x_wconf 90' lang='lat' dir='ltr'><strong>du</strong></span> <span class='ocrx_word' id='word_1_202' title='bbox 998 3024 1074 3080; x_wconf 82' lang='lat' dir='ltr'><strong>droit</strong></span> <span class='ocrx_word' id='word_1_203' title='bbox 1086 3031 1116 3080; x_wconf 90' lang='lat' dir='ltr'><strong>et</strong></span> <span class='ocrx_word' id='word_1_204' title='bbox 1130 3025 1211 3082; x_wconf 82' lang='lat' dir='ltr'><strong>d’en-</strong></span> 
     </span>
     <span class='ocr_line' id='line_1_26' title="bbox 148 3107 862 3179; baseline 0 -20"><span class='ocrx_word' id='word_1_205' title='bbox 148 3107 533 3179; x_wconf 74' lang='lat' dir='ltr'><strong>seignementmethodique</strong></span> <span class='ocrx_word' id='word_1_206' title='bbox 549 3109 602 3163; x_wconf 87' lang='lat' dir='ltr'><strong>des</strong></span> <span class='ocrx_word' id='word_1_207' title='bbox 617 3108 674 3162; x_wconf 81' lang='lat' dir='ltr'><strong>lois</strong></span> <span class='ocrx_word' id='word_1_208' title='bbox 689 3107 862 3174; x_wconf 74' lang='lat' dir='ltr'><strong>franceises</strong></span> 
     </span>
    </p>
   </div>
   <div class='ocr_carea' id='block_1_9' title="bbox 187 3226 811 3300">
    <p class='ocr_par' dir='ltr' id='par_1_9' title="bbox 187 3226 811 3300">
     <span class='ocr_line' id='line_1_27' title="bbox 187 3226 811 3300; baseline 0.002 -20"><span class='ocrx_word' id='word_1_209' title='bbox 187 3227 223 3299; x_wconf 90' lang='grc'><strong>(1)</strong></span> <span class='ocrx_word' id='word_1_210' title='bbox 242 3226 352 3283; x_wconf 79' lang='lat' dir='ltr'><strong>Videt.</strong></span> <span class='ocrx_word' id='word_1_211' title='bbox 368 3229 403 3282; x_wconf 91' lang='lat' dir='ltr'><strong>B.</strong></span> <span class='ocrx_word' id='word_1_212' title='bbox 419 3227 481 3282; x_wconf 83' lang='lat' dir='ltr'><strong>Bon</strong></span> <span class='ocrx_word' id='word_1_213' title='bbox 494 3229 705 3300; x_wconf 70' lang='lat' dir='ltr'><strong>praefationem,</strong></span> <span class='ocrx_word' id='word_1_214' title='bbox 721 3247 750 3300; x_wconf 89' lang='lat' dir='ltr'><strong>p.</strong></span> <span class='ocrx_word' id='word_1_215' title='bbox 767 3227 811 3282; x_wconf 81' lang='lat'><strong>17.</strong></span> 
     </span>
    </p>
   </div>
   <div class='ocr_carea' id='block_1_10' title="bbox 188 3337 1148 3420">
    <p class='ocr_par' dir='ltr' id='par_1_10' title="bbox 188 3337 1148 3420">
     <span class='ocr_line' id='line_1_28' title="bbox 188 3337 1148 3420; baseline 0 -18"><span class='ocrx_word' id='word_1_216' title='bbox 188 3348 223 3420; x_wconf 78' lang='lat'><strong>(2)</strong></span> <span class='ocrx_word' id='word_1_217' title='bbox 245 3351 284 3404; x_wconf 88' lang='lat' dir='ltr'><strong>Ut</strong></span> <span class='ocrx_word' id='word_1_218' title='bbox 301 3349 441 3403; x_wconf 68' lang='lat' dir='ltr'><strong>Antonios</strong></span> <span class='ocrx_word' id='word_1_219' title='bbox 452 3349 598 3402; x_wconf 76' lang='lat' dir='ltr'><strong>Mattheus</strong></span> <span class='ocrx_word' id='word_1_220' title='bbox 605 3348 637 3402; x_wconf 91' lang='lat' dir='ltr'><strong>in</strong></span> <span class='ocrx_word' id='word_1_221' title='bbox 653 3337 779 3420; x_wconf 82' lang='lat' dir='ltr'><strong>collegio</strong></span> <span class='ocrx_word' id='word_1_222' title='bbox 793 3347 1049 3405; x_wconf 84' lang='lat' dir='ltr'><strong>fundamentorum</strong></span> <span class='ocrx_word' id='word_1_223' title='bbox 1061 3349 1148 3420; x_wconf 86' lang='lat' dir='ltr'><strong>juris.</strong></span> 
     </span>
    </p>
   </div>
   <div class='ocr_carea' id='block_1_11' title="bbox 146 3468 1207 4034">
    <p class='ocr_par' dir='ltr' id='par_1_11' title="bbox 186 3468 1207 3543">
     <span class='ocr_line' id='line_1_29' title="bbox 186 3468 1207 3543; baseline 0.002 -21"><span class='ocrx_word' id='word_1_224' title='bbox 186 3468 221 3542; x_wconf 80' lang='lat'><strong>(3)</strong></span> <span class='ocrx_word' id='word_1_225' title='bbox 240 3471 420 3540; x_wconf 77' lang='lat' dir='ltr'><strong>Domumqeat.</strong></span> <span class='ocrx_word' id='word_1_226' title='bbox 435 3469 526 3525; x_wconf 78' lang='lat' dir='ltr'><strong>Coum</strong></span> <span class='ocrx_word' id='word_1_227' title='bbox 547 3469 734 3523; x_wconf 74' lang='lat' dir='ltr'><strong>elementaire</strong></span> <span class='ocrx_word' id='word_1_228' title='bbox 754 3470 790 3524; x_wconf 84' lang='lat' dir='ltr'><strong>du</strong></span> <span class='ocrx_word' id='word_1_229' title='bbox 810 3469 887 3523; x_wconf 86' lang='lat' dir='ltr'><strong>droit</strong></span> <span class='ocrx_word' id='word_1_230' title='bbox 905 3471 1039 3534; x_wconf 85' lang='lat' dir='ltr'><strong>Romaiu,</strong></span> <span class='ocrx_word' id='word_1_231' title='bbox 1060 3471 1083 3534; x_wconf 77' lang='grc' dir='ltr'><strong>Ι,</strong></span> <span class='ocrx_word' id='word_1_232' title='bbox 1099 3490 1128 3543; x_wconf 91' lang='lat' dir='ltr'><strong>p.</strong></span> <span class='ocrx_word' id='word_1_233' title='bbox 1144 3469 1207 3526; x_wconf 78' lang='lat'>144.</span> 
     </span>
    </p>

    <p class='ocr_par' dir='ltr' id='par_1_12' title="bbox 146 3550 1207 4034">
     <span class='ocr_line' id='line_1_30' title="bbox 185 3550 1207 3624; baseline 0.003 -21"><span class='ocrx_word' id='word_1_234' title='bbox 185 3573 200 3603; x_wconf 85' lang='lat'><strong>‹&lt;</strong></span> <span class='ocrx_word' id='word_1_235' title='bbox 216 3551 296 3606; x_wconf 86' lang='lat' dir='ltr'><strong>Cette</strong></span> <span class='ocrx_word' id='word_1_236' title='bbox 307 3550 524 3615; x_wconf 72' lang='lat' dir='ltr'><strong>clossificatiom</strong></span> <span class='ocrx_word' id='word_1_237' title='bbox 544 3551 594 3622; x_wconf 92' lang='lat' dir='ltr'><strong>qui</strong></span> <span class='ocrx_word' id='word_1_238' title='bbox 609 3553 661 3604; x_wconf 86' lang='lat' dir='ltr'><strong>des</strong></span> <span class='ocrx_word' id='word_1_239' title='bbox 676 3551 828 3605; x_wconf 84' lang='lat' dir='ltr'><strong>Institutes</strong></span> <span class='ocrx_word' id='word_1_240' title='bbox 846 3552 881 3605; x_wconf 90' lang='lat' dir='ltr'><strong>de</strong></span> <span class='ocrx_word' id='word_1_241' title='bbox 903 3552 994 3606; x_wconf 80' lang='lat' dir='ltr'><strong>Gaius</strong></span> <span class='ocrx_word' id='word_1_242' title='bbox 1009 3551 1121 3624; x_wconf 76' lang='lat' dir='ltr'><strong>apasse</strong></span> <span class='ocrx_word' id='word_1_243' title='bbox 1135 3554 1207 3606; x_wconf 87' lang='lat' dir='ltr'><strong>dans</strong></span> 
     </span>
     <span class='ocr_line' id='line_1_31' title="bbox 148 3631 1206 3706; baseline 0 -18"><span class='ocrx_word' id='word_1_244' title='bbox 148 3633 240 3688; x_wconf 87' lang='lat' dir='ltr'><strong>celles</strong></span> <span class='ocrx_word' id='word_1_245' title='bbox 253 3635 288 3688; x_wconf 85' lang='lat' dir='ltr'><strong>de</strong></span> <span class='ocrx_word' id='word_1_246' title='bbox 298 3636 315 3688; x_wconf 88' lang='lat' dir='ltr'><strong>J</strong></span> <span class='ocrx_word' id='word_1_247' title='bbox 317 3633 455 3696; x_wconf 78' lang='lat' dir='ltr'><strong>petimen,</strong></span> <span class='ocrx_word' id='word_1_248' title='bbox 470 3650 486 3685; x_wconf 82' lang='lat' dir='ltr'><strong>a</strong></span> <span class='ocrx_word' id='word_1_249' title='bbox 500 3631 544 3686; x_wconf 74' lang='lat' dir='ltr'><strong>ete</strong></span> <span class='ocrx_word' id='word_1_250' title='bbox 558 3640 685 3686; x_wconf 76' lang='lat' dir='ltr'><strong>sonuerit</strong></span> <span class='ocrx_word' id='word_1_251' title='bbox 697 3631 850 3704; x_wconf 77' lang='lat' dir='ltr'><strong>critiquee.</strong></span> <span class='ocrx_word' id='word_1_252' title='bbox 866 3633 912 3686; x_wconf 91' lang='lat' dir='ltr'><strong>On</strong></span> <span class='ocrx_word' id='word_1_253' title='bbox 924 3633 966 3686; x_wconf 90' lang='lat' dir='ltr'><strong>lui</strong></span> <span class='ocrx_word' id='word_1_254' title='bbox 982 3651 999 3687; x_wconf 81' lang='lat' dir='ltr'><strong>a</strong></span> <span class='ocrx_word' id='word_1_255' title='bbox 1014 3633 1154 3706; x_wconf 76' lang='lat' dir='ltr'><strong>reproche</strong></span> <span class='ocrx_word' id='word_1_256' title='bbox 1170 3635 1206 3688; x_wconf 87' lang='lat' dir='ltr'><strong>de</strong></span> 
     </span>
     <span class='ocr_line' id='line_1_32' title="bbox 146 3714 1207 3788; baseline -0.001 -19"><span class='ocrx_word' id='word_1_257' title='bbox 146 3717 261 3770; x_wconf 83' lang='lat' dir='ltr'><strong>n&#39;avoir</strong></span> <span class='ocrx_word' id='word_1_258' title='bbox 274 3716 338 3769; x_wconf 88' lang='lat' dir='ltr'><strong>rien</strong></span> <span class='ocrx_word' id='word_1_259' title='bbox 351 3716 386 3768; x_wconf 88' lang='lat' dir='ltr'><strong>de</strong></span> <span class='ocrx_word' id='word_1_260' title='bbox 401 3715 639 3786; x_wconf 84' lang='lat' dir='ltr'><strong>philosophique.</strong></span> <span class='ocrx_word' id='word_1_261' title='bbox 656 3714 682 3767; x_wconf 93' lang='lat' dir='ltr'><strong>Il</strong></span> <span class='ocrx_word' id='word_1_262' title='bbox 697 3721 742 3768; x_wconf 85' lang='lat' dir='ltr'><strong>est</strong></span> <span class='ocrx_word' id='word_1_263' title='bbox 754 3716 864 3768; x_wconf 80' lang='lat' dir='ltr'><strong>certain</strong></span> <span class='ocrx_word' id='word_1_264' title='bbox 878 3715 949 3785; x_wconf 87' lang='lat' dir='ltr'><strong>qu’il</strong></span> <span class='ocrx_word' id='word_1_265' title='bbox 963 3717 1098 3788; x_wconf 84' lang='lat' dir='ltr'><strong>n&#39;estpas</strong></span> <span class='ocrx_word' id='word_1_266' title='bbox 1112 3716 1207 3786; x_wconf 88' lang='lat' dir='ltr'><strong>possi-</strong></span> 
     </span>
     <span class='ocr_line' id='line_1_33' title="bbox 148 3795 1206 3869; baseline 0 -17"><span class='ocrx_word' id='word_1_267' title='bbox 148 3798 196 3852; x_wconf 89' lang='lat' dir='ltr'><strong>blo</strong></span> <span class='ocrx_word' id='word_1_268' title='bbox 210 3799 245 3851; x_wconf 87' lang='lat' dir='ltr'><strong>de</strong></span> <span class='ocrx_word' id='word_1_269' title='bbox 260 3797 358 3869; x_wconf 83' lang='lat' dir='ltr'><strong>parler</strong></span> <span class='ocrx_word' id='word_1_270' title='bbox 368 3798 419 3850; x_wconf 92' lang='lat' dir='ltr'><strong>des</strong></span> <span class='ocrx_word' id='word_1_271' title='bbox 433 3811 596 3869; x_wconf 85' lang='lat' dir='ltr'><strong>personnes</strong></span> <span class='ocrx_word' id='word_1_272' title='bbox 616 3813 684 3850; x_wconf 83' lang='lat' dir='ltr'><strong>sens</strong></span> <span class='ocrx_word' id='word_1_273' title='bbox 702 3797 800 3868; x_wconf 84' lang='lat' dir='ltr'><strong>parler</strong></span> <span class='ocrx_word' id='word_1_274' title='bbox 818 3799 870 3852; x_wconf 87' lang='lat' dir='ltr'><strong>des</strong></span> <span class='ocrx_word' id='word_1_275' title='bbox 889 3798 1007 3862; x_wconf 78' lang='lat' dir='ltr'><strong>choseS,</strong></span> <span class='ocrx_word' id='word_1_276' title='bbox 1028 3803 1057 3852; x_wconf 87' lang='lat' dir='ltr'><strong>et</strong></span> <span class='ocrx_word' id='word_1_277' title='bbox 1075 3795 1206 3868; x_wconf 75' lang='lat' dir='ltr'><strong>recipro-</strong></span> 
     </span>
     <span class='ocr_line' id='line_1_34' title="bbox 150 3878 1205 3951; baseline 0.002 -19"><span class='ocrx_word' id='word_1_278' title='bbox 150 3885 288 3950; x_wconf 80' lang='lat' dir='ltr'><strong>quement</strong></span> <span class='ocrx_word' id='word_1_279' title='bbox 302 3885 391 3950; x_wconf 86' lang='lat' dir='ltr'><strong>quant</strong></span> <span class='ocrx_word' id='word_1_280' title='bbox 401 3897 458 3932; x_wconf 81' lang='lat' dir='ltr'><strong>aux</strong></span> <span class='ocrx_word' id='word_1_281' title='bbox 472 3878 593 3943; x_wconf 81' lang='lat' dir='ltr'><strong>actions,</strong></span> <span class='ocrx_word' id='word_1_282' title='bbox 607 3878 680 3932; x_wconf 81' lang='lat' dir='ltr'><strong>elles</strong></span> <span class='ocrx_word' id='word_1_283' title='bbox 701 3885 767 3932; x_wconf 85' lang='lat' dir='ltr'><strong>sont</strong></span> <span class='ocrx_word' id='word_1_284' title='bbox 780 3879 914 3951; x_wconf 84' lang='lat' dir='ltr'><strong>tnujours</strong></span> <span class='ocrx_word' id='word_1_285' title='bbox 930 3878 1068 3934; x_wconf 70' lang='lat' dir='ltr'><strong>exeredes</strong></span> <span class='ocrx_word' id='word_1_286' title='bbox 1082 3895 1134 3951; x_wconf 83' lang='lat' dir='ltr'><strong>pur</strong></span> <span class='ocrx_word' id='word_1_287' title='bbox 1146 3897 1205 3934; x_wconf 89' lang='lat' dir='ltr'><strong>une</strong></span> 
     </span>
     <span class='ocr_line' id='line_1_35' title="bbox 148 3961 1203 4034; baseline 0.001 -19"><span class='ocrx_word' id='word_1_288' title='bbox 148 3978 292 4032; x_wconf 87' lang='lat' dir='ltr'><strong>personne</strong></span> <span class='ocrx_word' id='word_1_289' title='bbox 307 3967 336 4015; x_wconf 89' lang='lat' dir='ltr'><strong>et</strong></span> <span class='ocrx_word' id='word_1_290' title='bbox 344 3966 443 4016; x_wconf 86' lang='lat' dir='ltr'><strong>contre</strong></span> <span class='ocrx_word' id='word_1_291' title='bbox 457 3978 514 4015; x_wconf 88' lang='lat' dir='ltr'><strong>une</strong></span> <span class='ocrx_word' id='word_1_292' title='bbox 528 3977 682 4032; x_wconf 81' lang='lat' dir='ltr'><strong>personne,</strong></span> <span class='ocrx_word' id='word_1_293' title='bbox 697 3961 725 4016; x_wconf 90' lang='lat' dir='ltr'><strong>le</strong></span> <span class='ocrx_word' id='word_1_294' title='bbox 740 3961 807 4033; x_wconf 89' lang='lat' dir='ltr'><strong>plus</strong></span> <span class='ocrx_word' id='word_1_295' title='bbox 821 3968 947 4017; x_wconf 85' lang='lat' dir='ltr'><strong>souvent</strong></span> <span class='ocrx_word' id='word_1_296' title='bbox 964 3962 981 4016; x_wconf 80' lang='lat' dir='ltr'><strong>t</strong></span> <span class='ocrx_word' id='word_1_297' title='bbox 995 3979 1101 4034; x_wconf 81' lang='lat' dir='ltr'><strong>propos</strong></span> <span class='ocrx_word' id='word_1_298' title='bbox 1117 3963 1203 4016; x_wconf 89' lang='lat' dir='ltr'><strong>d’une</strong></span> 
     </span>
    </p>
   </div>
   <div class='ocr_carea' id='block_1_12' title="bbox 1093 4073 1108 4120">
    <p class='ocr_par' dir='ltr' id='par_1_13' title="bbox 1093 4073 1108 4120">
     <span class='ocr_line' id='line_1_36' title="bbox 1093 4073 1108 4120; baseline 0 0"><span class='ocrx_word' id='word_1_299' title='bbox 1093 4073 1108 4120; x_wconf 81' lang='lat'><strong>3</strong></span> 
     </span>
    </p>
   </div>
   <div class='ocr_carea' id='block_1_13' title="bbox 0 0 1507 4824">
    <p class='ocr_par' dir='ltr' id='par_1_14' title="bbox 0 0 1507 4824">
     <span class='ocr_line' id='line_1_37' title="bbox 0 0 1507 4824; baseline 0 0"><span class='ocrx_word' id='word_1_300' title='bbox 0 0 1507 4824; x_wconf 95' lang='lat' dir='ltr'><strong> </strong></span> 
     </span>
    </p>
   </div>
  </div>
 </body>
</html>
