2998 4824
500 1081 942 1187 PROOEMIUM

241 2455 399 2538 Plerisque
419 2456 594 2522 hominibus
615 2456 756 2522 nonnisi
778 2458 809 2519 irr
831 2455 960 2536 quedam
982 2459 1127 2537 peculiari
1145 2458 1257 2526 doctri·

202 2579 309 2628 narum
329 2565 376 2628 vei
401 2566 511 2627 artium
533 2563 722 2642 portiuncuie
742 2569 772 2626 et
796 2563 919 2642 quidem
941 2565 1035 2629 multo
1060 2581 1130 2627 cum
1155 2566 1258 2630 labore

203 2677 346 2748 praestare
370 2670 462 2747 licet3
492 2684 530 2732 ne
555 2670 727 2748 cognitione
751 2669 893 2732 universa
918 2669 1151 2746 amplectamur,
1177 2671 1258 2733 vires

203 2775 296 2836 animi
316 2779 415 2838 vetare
435 2774 556 2836 solent:
580 2788 615 2835 ea
635 2771 757 2835 demum
778 2778 888 2836 nosirae
910 2773 1127 2836 infirmissime
1145 2781 1259 2838 naturae

202 2879 336 2943 conditio
361 2894 430 2943 esse
455 2878 582 2942 videtur.
611 2879 694 2940 Hanc
720 2892 790 2940 vero
816 2879 902 2955 quasi
928 2877 1027 2956 legem
1051 2883 1123 2940 sunt
1148 2879 1259 2956 quibus

83 2988 88 2996 '
203 2982 354 3046 interdum
381 2984 474 3059 Deus,
503 2987 536 3045 ui
564 2983 605 3045 iia
625 2982 735 3059 dicam,
758 2982 899 3058 remittat,
926 2998 1002 3059 quos
1027 2981 1120 3060 cupre
1143 2989 1259 3048 ceteros
1354 3058 1356 3062 ¹

203 3088 344 3151 homines
360 3084 487 3148 mirifice
507 3085 628 3150 extollat
647 3091 676 3148 et
693 3086 815 3164 cubuc,
836 3087 933 3163 ipsius
953 3087 1040 3163 quasi
1056 3087 1162 3164 instar,
1181 3105 1260 3166 que·

203 3204 333 3268 cumque
354 3189 484 3268 gestiant
507 3187 600 3267 quirm
621 3189 748 3265 efficere,
770 3187 833 3251 tum
857 3189 935 3250 scire
960 3190 1121 3265 permittat.
1145 3191 1260 3254 Beatis-

204 3294 293 3356 simis
322 3293 383 3355 illis
405 3293 481 3356 viris
509 3307 638 3370 quorum
667 3292 788 3372 singula
817 3293 927 3354 saecuia
954 3308 1049 3354 uuum
1077 3299 1106 3354 et
1131 3294 1260 3357 alierum

203 3398 254 3461 vix
281 3399 406 3476 gignere
433 3403 563 3474 queunt,
579 3396 694 3460 emnia
722 3401 899 3474 penetrare,
929 3396 1031 3459 omnia
1058 3397 1258 3476 investigare,

204 3502 306 3564 omnia
329 3502 502 3578 prospicere
522 3500 718 3564 conceditur:
742 3501 818 3562 nihil
843 3505 889 3562 est
915 3498 976 3561 cern
1003 3516 1157 3580 magnum,
1183 3503 1260 3564 nihii

204 3611 250 3667 cst
277 3603 338 3667 tim
367 3605 508 3684 exiguum
536 3604 616 3682 quod
644 3604 823 3667 ceillerum
850 3602 949 3666 siudic
978 3604 1109 3666 alienum
1126 3605 1185 3666 ‘sic
1276 3583 1282 3592 ⁸

243 3708 325 3780 Ques
350 3710 428 3771 inter
453 3708 720 3786 prestantissimcs
741 3714 770 3770 et
795 3707 915 3786 ingenio
940 3712 1082 3784 lanqueum
1108 3713 1261 3785 portento-

205 3828 257 3876 scs
270 3814 352 3877 viros
367 3812 536 3875 Leibniiius
551 3811 631 3874 haud
646 3810 797 3873 immerite
811 3809 1056 3872 annumerandus
1068 3816 1125 3873 est.
1144 3810 1262 3891 Quippe

205 3932 293 3994 quem
307 3917 391 3980 nulia
404 3917 515 3997 fugerit
528 3932 564 3978 cx
579 3916 719 3980 omnihus
731 3913 792 3978 iim
808 3916 911 3978 multis
922 3915 1075 3992 variisque
1089 3914 1261 3993 disciplinis
