2998 4824
655 404 812 464 —hl-
884 406 886 412 '

243 586 301 648 llis
315 585 519 648 divisionibus
535 585 713 663 explanatis,
730 585 899 646 Leibnitius
919 586 964 648 sic
981 585 1148 664 gloriatur:
1170 607 1184 644 s
1201 586 1263 650 Hbc

203 689 274 752 med
286 691 517 767 disciplinarum
529 690 688 767 partitione
698 695 798 751 certus
810 705 877 752 sum
888 689 1173 752 omuiaexllausisse
1181 691 1263 768 ipsa·

203 809 266 870 que
282 795 475 856 scientiarum
488 795 634 856 elementa
649 794 789 869 breuiter,
806 794 858 856 sed
874 792 970 856 solide
984 794 1222 856 adumbrasse.»

243 898 339 969 Quam
356 899 478 976 quidem
495 899 686 976 partitionem
702 899 729 960 si
744 913 956 978 recognoscas,
970 914 1028 962 non
1042 899 1201 975 prohibere
1213 915 1265 976 po-

203 1003 278 1064 teris
292 1004 365 1079 quin
377 1017 443 1064 eam
459 1004 489 1064 in
506 1003 688 1081 quibusdam
700 1003 799 1081 magis
811 1003 953 1066 subtilem
965 1001 1054 1080 quam
1066 1004 1171 1065 utilem
1181 1005 1264 1066 exis·

201 1107 304 1168 times.
320 1108 439 1168 Etenim
458 1107 541 1170 verbi
561 1106 658 1186 gratia
676 1115 770 1168 artem
790 1106 963 1169 alimoniae
982 1109 1137 1170 stomacho
1157 1107 1264 1172 rurshs

202 1209 377 1272 effundendi
396 1211 552 1273 nominare
569 1209 632 1287 j‘am
649 1211 809 1272 ridiculum
829 1219 885 1273 est.
903 1211 1024 1273 Atenim
1043 1213 1199 1274 sciendum
1218 1219 1264 1276 est

206 1315 391 1376 leibnitium
402 1331 462 1394 non
474 1314 829 1392 tanthmdisciplinarum
838 1321 926 1394 atque
938 1315 1264 1391 artiums'edomniuru

206 1433 306 1480 rerum
322 1434 580 1498 quarumcumque
594 1420 705 1498 quihus
725 1421 868 1482 mortales
884 1421 1041 1499 invigilare
1060 1417 1178 1498 possint
1194 1438 1264 1499 par·

205 1523 343 1584 titionem
359 1524 558 1600 quaesivisse:
576 1523 613 1586 de
623 1525 760 1600 eorporis
776 1524 930 1587 habitibus
945 1524 1013 1587 chm
1029 1527 1211 1603 loqueretur,
1228 1526 1265 1588 de

204 1626 295 1688 istius
310 1627 523 1690 mediantibus
542 1629 705 1690 dissereret
724 1629 826 1690 lorsan
844 1644 970 1692 necesse
984 1635 1058 1692 erat.
1079 1631 1205 1693 Restant
1218 1637 1265 1692 la·

204 1745 273 1791 men
291 1746 357 1808 quae
382 1732 462 1793 haud
484 1732 636 1794 immerito
657 1733 902 1810 reprehendenda
921 1734 992 1795 sint.
1012 1733 1168 1804 Quomodo
1184 1735 1265 1798 enim

204 1835 238 1896 lit
252 1840 284 1896 ut
303 1849 353 1896 ars
368 1836 521 1913 loquendi,
543 1851 609 1914 qun
628 1853 721 1898 unum
738 1836 755 1898 e
774 1837 976 1899 nobilissimis
997 1839 1131 1899 omniurn
1151 1839 1265 1918 ingenii

205 1940 304 2001 nostri
321 1940 498 2004 muneribus
506 1940 643 2015 hahetur,
653 1941 702 2001 isti
711 1941 850 2002 absurdae
859 1942 999 2003 alimenta
1015 1941 1183 2004 effundendi
1195 1944 1263 2018 arti,

206 2045 336 2121 pictoria
356 2044 427 2107 verb
449 2046 582 2122 pistoriae
606 2045 763 2107 assideat?
786 2046 830 2107 Ne
845 2045 941 2122 plura,
964 2044 1036 2122 quid
1058 2047 1147 2108 relert
1164 2044 1265 2108 utrhm

207 2154 293 2209 artes
309 2164 385 2225 opus
401 2150 570 2227 relinquant
585 2165 677 2211 necne
688 2153 701 2211 ‘l
714 2151 823 2211 llelius
838 2156 885 2210 est
895 2165 946 2211 cas
957 2150 987 2210 in
998 2149 1056 2212 duo
1067 2166 1177 2228 genera
1188 2151 1266 2212 divi-

207 2252 282 2314 dere
297 2271 304 2315 :
321 2267 414 2314 unum
430 2254 509 2330 quod
524 2254 676 2329 liberales,
693 2254 819 2315 alterum
834 2253 914 2332 quod
930 2255 1119 2316 mechanicas
1129 2270 1266 2332 eompre-

203 2356 316 2418 hendat
331 2357 378 2433 (ll.

250 2459 400 2531 Quantum
415 2461 485 2524 verb
499 2462 537 2525 ad
551 2463 646 2524 animi
665 2462 786 2524 habitus
801 2462 916 2537 attinet,
934 2461 1023 2523 illam.
1035 2463 1173 2540 equidem
1188 2462 1265 2526 divi·

241 2757 277 2829 (l)
296 2759 407 2813 Confer
425 2759 545 2812 Bossnet.
562 2758 658 2812 Traite
674 2760 710 2812 de
721 2759 750 2812 la
759 2760 969 2813 connaissance
979 2761 1015 2813 de
1025 2761 1102 2814 Dieu
1116 2766 1144 2813 et
1154 2761 1189 2814 de
1206 2761 1266 2813 soi-

201 2841 310 2900 mdme.
327 2859 352 2894 c.
367 2841 390 2904 Ι,
405 2842 501 2911 §xit

239 2923 338 2976 Aliam
353 2923 531 2976 divisionem
550 2924 627 2994 apud
646 2924 743 2995 ipsum
763 2921 942 2976 Leibnitium
962 2923 1071 2976 inveni.
1093 2923 1267 2993 (Nouveaux

201 3006 305 3060 Essais
321 3024 372 3059 sur
386 3006 615 3060 l’entendement
629 3006 759 3069 humain,
777 3005 796 3058 l.
812 3006 861 3068 IV,
880 3022 905 3058 e.
922 3004 965 3069 21,
978 3005 998 3074 §
1013 3004 1095 3061 luet
1109 3003 1144 3076 3).
1163 3007 1268 3058 «Tout

201 3105 238 3142 ce
255 3089 305 3158 qui
317 3094 491 3159 pententrer
505 3089 577 3140 dans
590 3087 618 3140 la
633 3085 737 3159 sphere
749 3089 785 3141 de
794 3085 1149 3141 l'entendementhumain
1161 3094 1213 3152 est,
1227 3105 1267 3142 ou

201 3170 233 3222 le
247 3177 349 3224 nature
363 3171 416 3223 des
431 3170 537 3223 choses
553 3187 591 3223 en
606 3169 817 3231 elles-memes
836 3185 875 3221 ou
890 3184 927 3221 en
943 3170 1052 3222 second
1059 3169 1266 3224 lienl’homme

203 3270 243 3306 en
257 3252 366 3322 qualite
382 3253 497 3322 d’agent
512 3253 631 3305 tendant
650 3250 667 3304 b
687 3269 719 3303 sa
731 3250 773 3303 fin
785 3257 815 3304 et
832 3248 1102 3321 particulierement
1119 3250 1136 3303 ὲ
1152 3269 1184 3304 se
1198 3251 1266 3305 lell-

202 3333 271 3398 cite,
288 3353 327 3388 ou
342 3353 379 3388 en
392 3334 542 3389 troisieme
558 3334 619 3387 lieu
634 3333 678 3386 les
693 3349 815 3403 moyens
829 3331 993 3402 d’ecquerir
1008 3339 1036 3386 et
1054 3335 1090 3387 de
1102 3335 1266 3396 communi-

204 3431 279 3488 quer
293 3416 322 3469 la
336 3418 462 3470 scieuce.
477 3419 513 3469 Et
525 3415 604 3470 voilb
618 3415 648 3467 la
662 3415 779 3469 scienoe
796 3413 909 3468 divisee
929 3431 967 3468 en
985 3415 1057 3468 trois
1077 3415 1208 3487 espeoes⁸
1225 3419 1267 3470 Le

203 3503 348 3574 premiere
363 3508 408 3556 est
421 3501 450 3554 la
456 3501 594 3573 physiqtte
609 3518 647 3553 ou
661 3499 690 3552 la
698 3501 872 3571 philosophie
886 3501 1023 3554 boterello
1042 3503 1093 3571 qui
1108 3503 1267 3573 eomprend

202 3585 445 3638 non-seulement
459 3585 503 3638 les
516 3601 600 3655 corps
610 3590 638 3637 et
647 3583 728 3636 leurs
736 3582 887 3636 affections
897 3600 1008 3636 comme
1019 3585 1150 3648 nombre,
1161 3583 1264 3655 figure,

202 3666 278 3719 meis
294 3685 400 3721 encore
415 3667 459 3720 les
475 3667 590 3738 esprits,
609 3665 686 3718 Dieu
700 3665 795 3718 meme
812 3672 840 3719 et
855 3665 898 3718 les
915 3682 1014 3735 anges
1030 3668 1072 3718 La
1087 3667 1213 3720 seconde
1223 3672 1268 3720 est

204 3751 234 3804 le
243 3749 413 3820 philosophie
423 3751 555 3820 prolique
570 3765 609 3801 ou
623 3747 651 3800 la
666 3747 769 3799 morale
780 3747 831 3816 qui
851 3747 990 3817 enseigne
1011 3747 1038 3800 le
1058 3765 1166 3818 moyen
1185 3749 1267 3801 d'ob-

205 3833 282 3886 tenir
297 3834 348 3885 des
359 3831 465 3884 choses
480 3833 593 3886 bonnes
609 3836 638 3883 et
652 3829 741 3882 utiles
758 3835 786 3881 et
801 3846 832 3882 se
851 3846 975 3901 propose
987 3830 1227 3884 non-seulement
1238 3829 1268 3882 la

206 3916 420 3969 connaissance
435 3916 471 3967 de
486 3913 515 3966 la
528 3911 631 3976 verite,
643 3912 717 3964 mais
738 3903 843 3965 encore
860 3913 888 3964 la
906 3911 1038 3983 pratique
1055 3914 1137 3968 dece
1159 3913 1208 3983 qui
1222 3919 1269 3967 est
